1890 3190
964 230 1039 281 u.

312 395 394 436 fluit
416 397 467 436 et
495 394 607 448 qnod
633 394 684 435 ab
714 394 882 449 optimis
920 394 1049 436 libris
1074 397 1159 451 qm·
1178 407 1412 450 pronomen
1444 397 1593 438 abessa
1616 397 1683 438 di-

313 468 425 508 ctum
454 468 532 505 est.
1417 489 1419 492 -
1562 490 1565 493 Δ
1598 489 1602 491 «

313 534 315 538 ”
369 533 602 587 Equidem,
623 534 684 574 uti
703 539 791 587 par
819 538 904 584 est,
935 533 1113 588 optimos
1144 535 1313 576 codices
1337 540 1492 588 sequor
1485 487 1683 588 ideoque

313 605 385 658 'qui
410 603 575 654 omitto,
605 603 716 656 quod
746 604 795 644 ab
812 603 1013 654 librariis,
1037 605 1114 657 ⁴qni
1145 617 1226 657 quo
1257 607 1685 657 sequeno-*emmam

310 672 577 714 referendum
594 678 700 712 ¹‘non'
719 673 951 723 fiderunt,-
972 674 1016 713 in
1043 672 1167 713 codd.
1197 673 1321 714 facile
1351 675 1488 727 potuit
1513 674 1681 715 intrudi·-

310 741 426 784 Erat
449 730 585 783 autem
610 751 696 783 non
725 743 857 785 audeo
886 743 1085 794 reficere,
1122 755 1216 784 cum
1251 743 1296 784 in
1324 744 1512 784 omnibus
1540 744 1683 785 inesse

308 813 496 853 videatur
523 813 660 863 codd.,
691 817 806 853 certe
833 814 878 853 in
908 813 1074 867 optimis
1103 813 1216 854 insit.

365 882 422 923 At
451 896 542 923 cum
573 883 703 924 oratio
733 889 816 923 non
845 884 952 923 bene
981 884 1250 936 procederet,
1282 883 1318 924 si
1348 885 1419 938 qm'
1436 881 1681 937 pronomine

311 952 467 992 omisso
497 957 587 992 erat
613 953 865 992 retineretur
892 966 971 992 nec
1002 952 1081 992 alia
1109 953 1152 992 in
1182 953 1401 1006 scriptoris
1429 953 1566 993 verbis
1596 963 1681 992 mu·

308 1022 409 1061 tatio
438 1016 586 1071 fieret,
620 1020 817 1074 optimum
847 1022 944 1061 duxi
970 1023 1123 1062 verba:
1160 1036 1207 1061 eo
1236 1027 1411 1076 tempore
1439 1027 1528 1062 erat
1553 1023 1683 1061 socius

310 1088 707 1144 Carthayz'm‘eps'imn
733 1091 917 1131 retinere
933 1121 945 1140 ,
993 1091 1070 1130 sed
1105 1091 1267 1131 uncinis
1306 1091 1520 1131 includere
1545 1105 1557 1139 ;
1600 1103 1680 1143 quo

307 1157 420 1199 facto
450 1156 559 1199 bene
587 1160 743 1200 habent
772 1160 907 1199 omnia
937 1163 981 1199 et
1010 1160 1199 1199 codicum
1228 1160 1335 1200 iusta
1357 1160 1532 1199 habetur
1560 1160 1679 1199 ratio.

308 1229 494 1269 Scribam
523 1230 648 1283 igitur
676 1230 762 1270 ita:
792 1230 1052 1280 „Masinissa
1082 1233 1171 1270 erat
1199 1230 1370 1280 iuvenis,
1401 1229 1470 1283 (eo
1488 1234 1680 1282 *tempore

308 1304 398 1339 erat
427 1312 461 1340 s.
493 1299 651 1352 Carth.)
683 1312 804 1352 quem
834 1300 986 1339 deinde
1017 1299 1201 1339 clarum’'
1232 1304 1312 1339 cet.
1687 1351 1689 1353 ι

364 1367 467 1408 Cum
497 1369 702 1409 sententia
730 1369 848 1408 uncis
883 1368 1044 1408 inclusa
1074 1373 1188 1409 extra
1202 1370 1420 1409 verborum
1443 1369 1595 1408 seriem
1625 1368 1681 1408 sit

305 1438 461 1491 posit'a,
498 1443 587 1478 erat
620 1439 788 1477 verbum
824 1439 1108 1491 bispositum
1146 1439 1351 1478 neminem
1381 1442 1523 1490 potest
1552 1438 1679 1476 offen-

305 1508 437 1559 dere,
481 1508 729 1562 praesertim
766 1520 858 1548 cum
895 1521 948 1548 ne
987 1507 1056 1549 alii
1093 1507 1259 1561 quidem
1298 1507 1382 1548 loci
1412 1507 1578 1558 desint,
1610 1506 1679 1560 qui

306 1590 470 1617 omnem
497 1590 631 1631 paene
662 1578 822 1617 dehac
851 1590 899 1616 re
930 1578 1167 1630 scrupulum
1205 1578 1385 1636 eximere
1414 1578 1580 1630 possint
1607 1578 1678 1616 du-

303 1646 464 1688 bitanti.
524 1647 776 1700 Quamquam
803 1659 977 1701 prorsus
1008 1647 1186 1687 similem
1213 1647 1349 1687 Iocum
1387 1647 1467 1687 iam
1497 1660 1580 1687 non
1608 1647 1679 1687 ha-

302 1717 404 1767 beo,
433 1721 571 1756 tamen
601 1718 653 1756 ad
680 1717 725 1757 id
754 1717 864 1769 quod
892 1717 986 1756 volo
1017 1717 1378 1766 demonstrandum
1409 1717 1620 1756 sufficient
1647 1717 1678 1756 ii

304 1800 407 1841 quos
438 1786 632 1828 adferam.
663 1786 750 1828 Liv.
779 1785 923 1828 XXIII.
939 1783 1029 1837 31,
1050 1784 1136 1828 »4.ε
1174 1800 1277 1840 quae
1307 1787 1365 1828 ibi
1394 1786 1582 1841 legiones
1611 1800 1678 1828 es-

303 1862 399 1897 sent
442 1857 586 1910 (erant
628 1861 764 1897 autem
807 1857 1036 1896 Cannensis
1082 1858 1255 1897 maxime
1308 1857 1540 1909 exercitus)
1594 1862 1675 1897 cet.

300 1926 471 1968 XXVII.
496 1923 545 1978 3,
578 1924 640 1967 l.:
671 1926 835 1980 Capuae
865 1927 1030 1967 interim
1058 1926 1257 1977 Flaccus,
1288 1927 1384 1967 dum
1413 1927 1535 1967 bonis
1564 1927 1677 1980 prin-

302 1997 439 2050 cipum
456 1996 685 2036 vendendis
716 2008 829 2049 agro,
861 1997 930 2049 qui
958 1996 1191 2049 publicatus
1220 1996 1358 2036 fuerat
1385 1997 1576 2047 locando,
1598 1996 1676 2050 (Io-

301 2066 407 2106 cavit
436 2069 572 2105 antem
602 2078 765 2106 omnem
792 2066 1020 2118 frumento)
1057 2070 1221 2118 tempus
1251 2066 1362 2106 terit.

358 2135 501 2176 Simile
532 2136 764 2190 exemplum
794 2139 887 2176 est.
925 2135 1011 2176 Liv.
1041 2134 1170 2176 XXV.
1201 2133 1278 2185 20,
1308 2132 1370 2178 3.:
1401 2136 1453 2175 ad
1481 2136 1675 2177 Vulturni

300 2207 471 2257 ostium,
499 2207 571 2248 ubi
599 2220 708 2247 nunc
736 2207 835 2247 urbs
867 2210 952 2257 est,
984 2206 1199 2247 castellum
1230 2207 1522 2248 communitum
1553 2208 1674 2261 (ante

298 2278 451 2318 Fabius
476 2277 678 2318 Maximus
709 2277 942 2329 munierat).
972 2277 1118 2330 Neque
1149 2278 1374 2331 displicere
1389 2277 1547 2318 Latinis
1567 2279 1674 2318 eius-

298 2348 396 2388 dem
422 2348 538 2387 verbi
566 2347 859 2400 repetitionem
890 2348 1112 2400 diligenter
1139 2347 1285 2400 legens
1316 2361 1443 2401 saepe
1473 2349 1673 2403 invenies.

356 2417 612 2458 Sententiam
639 2416 726 2468 lociv
759 2417 988 2457 accuratius
1027 2416 1064 2457 si
1099 2417 1432 2470 inspexerimus,
1465 2418 1574 2457 benc
1603 2418 1675 2457 ha-

297 2487 398 2528 bere
427 2486 698 2541 parenthesin
726 2486 968 2528 videbimus.
999 2477 1138 2527 Livius
1169 2487 1278 2527 enim
1301 2487 1443 2528 dicere
1465 2501 1559 2528 cum
1573 2488 1675 2529 velit

295 2557 406 2597 unde
436 2569 590 2597 novum»
612 2556 658 2597 P.
689 2556 928 2610 Scipionem
956 2561 1103 2610 urgeat
1128 2556 1379 2610 periculum,
1408 2557 1674 2598 Masinissam

296 2626 375 2677 ait,
406 2640 528 2680 quem
554 2624 706 2681 postea
732 2627 918 2668 Romana
955 2627 1135 2668 amicitia
1168 2627 1324 2669 clarum
1359 2627 1531 2680 fecerit,
1568 2628 1673 2669 illud

296 2710 394 2738 esse
421 2697 665 2751 periculum.
