1890 3190
1051 215 1124 267 48
1180 241 1183 248 ,

396 412 400 416 ,
454 378 655 422 Videmus
692 380 820 433 igitur
855 392 939 421 non
974 380 1065 420 sine
1100 380 1261 425 ratione
1289 379 1449 422 Livium
1478 393 1569 433 cap.
1598 377 1677 431 36,
1709 378 1776 421 15.

397 450 601 504 pluralem
629 441 838 502 posuisse,
869 450 946 489 sed
976 462 1054 489 nec
1073 449 1167 489 sine
1197 462 1344 491 caussa
1372 463 1462 502 cap.
1489 446 1559 490 37.
1584 448 1620 491 l.
1643 450 1779 503 singu-

396 520 541 571 larem.
598 519 682 560 Ubi
712 520 766 560 de
796 520 986 561 omnibus
1015 519 1213 560 militibus
1226 549 1235 554 ⁷.
1245 520 1361 572 quasi
1391 520 1445 560 de
1480 533 1563 561 uno
1599 533 1778 573 corpore

397 590 525 629 debet
547 602 692 629 sermo
724 596 835 638 esse,
864 589 924 629 ibi
954 588 1204 641 singularem
1232 587 1366 641 ponit,
1392 588 1464 628 ubi
1493 589 1546 629 de
1577 589 1665 629 eius
1687 601 1779 641 par-

396 659 507 701 tibus
538 659 722 713 cogitare
751 662 956 713 praestat,
986 659 1045 699 ibi
1073 658 1275 712 pluralem
1303 659 1424 712 ponit
1452 662 1496 701 et
1523 663 1664 712 partes
1695 660 1777 700 sin-

395 729 512 783 gulas
540 733 588 768 ut
616 729 802 781 singulos
833 728 1040 768 exercitus
1069 732 1164 767 ante
1195 728 1339 767 oculos
1367 727 1556 768 collocat.

392 818 396 823 ·
454 798 578 850 Quod
614 812 708 838 cum
744 811 828 838 non
871 798 975 838 satis
1012 798 1297 851 intelligerent
1340 797 1698 841 codicum-Lovel.
1729 796 1772 838 2.

394 868 498 907 nav.
527 867 716 906 Brancal.
747 867 900 908 Latinii
931 867 1115 907 etFlor.
1146 880 1198 906 m.
1225 865 1265 906 2.
1296 867 1467 916 librarii,
1506 879 1595 919 cap.
1624 864 1703 916 37,
1736 865 1775 907 1.

392 949 475 990 pro
511 937 650 976 verbis
680 935 837 976 deletus.
881 938 1081 976 exer-cim
1118 936 1376 988 scripserunt
1419 935 1541 975 deleti
1567 938 1778 986 ewen-ihu,

394 1005 535 1060 paullo
566 1009 661 1045 ante
685 1005 802 1045 Livio
832 1006 986 1046 dictum
1016 1018 1113 1045 esse
1143 1018 1348 1047 memores
1378 1007 1576 1046 emen-citus
1605 1006 1749 1045 amissi.

451 1076 576 1116 Errat
610 1076 737 1129 igitur
772 1075 1155 1124 Drakenborchius,
1194 1075 1263 1127 qui
1299 1072 1369 1116 37.
1407 1073 1460 1116 5.·
1487 1075 1687 1115 lectorem
1726 1075 1778 1114 ad

399 1145 523 1185 huius
554 1145 702 1197 eapitis
733 1143 769 1198 §0
804 1143 842 1185 l.
874 1145 1179 1185 adnotationem
1209 1144 1403 1197 ablegans
1433 1148 1607 1198 propter
1634 1144 1779 1184 dictio-

394 1227 491 1254 nem
520 1215 720 1254 exercitam
749 1216 886 1253 araim·
912 1214 1113 1266 pluralem
1143 1218 1262 1266 putat
1290 1215 1389 1266 poni
1425 1227 1554 1266 posse
1583 1227 1637 1253 ae
1660 1213 1777 1259 ferri.

451 1283 569 1323 Haec
598 1282 657 1323 ita
688 1296 781 1323 cum
809 1283 1009 1333 habeant,
1042 1284 1165 1323 etiam
1196 1287 1341 1323 nostro
1370 1282 1466 1323 loeo
1484 1279 1655 1335 (37.5.)‚
1687 1296 1779 1325 cum

394 1352 431 1406 ξ.
455 1350 497 1392 4.
529 1353 730 1404 scriptum
761 1353 816 1391 sit
831 1367 843 1391 :
872 1352 985 1391 haud
1012 1353 1332 1391 commanendum
1362 1353 1579 1391 exercitum
1605 1354 1776 1405 fecerat,

395 1421 594 1476 singulari
632 1420 695 1461 illi
736 1434 908 1463 numero
947 1421 1138 1462 existimo
1175 1422 1405 1476 adaptanda
1441 1434 1539 1462 esse
1580 1434 1683 1475 quae
1714 1434 1779 1462 se-

394 1497 572 1545 quantur
600 1492 781 1543 ideoque
819 1493 1080 1531 exhibenda:
1120 1492 1256 1531 ducem
1284 1494 1503 1542 exere-itm,
1532 1492 1779 1544 praesertim

394 1575 488 1602 cum
518 1561 698 1615 optimus
716 1561 849 1601 codex
876 1561 935 1601 ita
953 1562 1153 1614 praebeat
1174 1562 1460 1602 consentiente
1477 1561 1557 1602 alio
1571 1561 1775 1602 librorms.

449 1632 531 1671 Hic
564 1631 674 1670 enim
703 1631 843 1670 Livius
873 1631 988 1670 nullo
1018 1635 1140 1683 pacto
1172 1632 1224 1671 de
1261 1632 1418 1671 duabus
1449 1631 1653 1671 exercitus
1673 1644 1775 1683 par-

392 1701 505 1742 tibus
537 1700 723 1754 cogitare
752 1703 939 1754 poterat,
971 1713 1064 1740 oum
1092 1700 1185 1754 ipse
1201 1700 1404 1754 reliquias.
1427 1700 1640 1753 utriusque
1658 1713 1774 1741 exer-

392 1772 500 1810 citus
531 1771 693 1809 iunctas
728 1783 825 1809 esse
856 1771 1125 1809 ostendisset.
1171 1771 1274 1809 Nam
1311 1774 1537 1822 propterea
1566 1758 1677 1822 quod
1705 1770 1777 1809 ille

392 1853 477 1881 non
508 1839 836 1881 contemnendus
855 1840 1075 1880 exercitus
1109 1853 1159 1880 ex
1185 1839 1361 1881 diversis
1391 1840 1577 1893 partibus
1609 1852 1776 1893 compo-

392 1911 497 1950 situs
537 1914 604 1949 est
647 1909 761 1949 nullo
778 1937 780 1941 -
798 1914 921 1962 pacto
950 1910 1020 1949 hic
1049 1911 1149 1962 poni
1178 1914 1321 1962 potest
1349 1910 1521 1962 pluralis
1550 1922 1776 1958 numerus;

392 1992 568 2034 prorsus
609 1979 720 2019 enim
757 1978 878 2019 aliter
914 1992 1004 2020 rem
1023 1979 1117 2020 'hic
1155 1992 1252 2021 sese
1294 1980 1450 2021 habere
1488 1982 1611 2032 atque
1650 1991 1775 2033 supra

391 2063 514 2089 nemo
546 2061 631 2089 non
659 2048 785 2088 videt.

447 2118 599 2176 Huiusx
621 2117 770 2172 capitis
807 2115 843 2173 §.
877 2115 953 2169 12,
990 2121 1038 2159 ut
1065 2131 1122 2159 ne·
1156 2118 1239 2160 hoc
1269 2118 1435 2172 quidem
1465 2118 1669 2168 omittam,
1698 2117 1770 2159 ubi

390 2189 523 2229 Poeni
563 2189 700 2228 mirati
737 2201 834 2228 esse
872 2189 1064 2228 dicuntur
1098 2189 1208 2228 unde
1245 2193 1309 2229 tot
1345 2190 1492 2229 hostes
1521 2193 1604 2228 tam
1634 2189 1771 2227 subito

391 2258 526 2304 exorti
556 2257 654 2299 sint
668 2270 804 2312 prope
834 2257 964 2299 deleto
993 2262 1115 2299 antea
1130 2260 1342 2309 escere-itu,
1372 2259 1523 2302 iterum
1552 2257 1772 2312 singularis

388 2341 585 2368 numerus
615 2341 700 2367 non
723 2329 813 2366 sine
836 2338 983 2367 caussa
1004 2329 1166 2381 positus
1198 2329 1248 2367 ab
1276 2328 1393 2368 Livio
1424 2331 1502 2368 est.
1534 2327 1636 2367 Cum
1665 2327 1775 2366 enim

389 2397 656 2439 meminerint
696 2395 977 2438 Romanorum
1030 2410 1174 2439 omnes
1226 2397 1386 2439 deletas
1431 2410 1528 2439 esse
1571 2397 1622 2438 ab
1676 2409 1774 2445 sese

392 2469 535 2521 copias
575 2469 602 2508 i.
634 2481 672 2508 e.
719 2471 852 2508 totum
903 2469 1160 2519 exercitum,
1204 2469 1286 2509 iam
1328 2472 1392 2508 tot
1433 2468 1591 2509 hostes·
1623 2467 1773 2508 adesse

389 2538 602 2578 mirantur.

445 2609 503 2650 Et
531 2612 682 2661 sponte
713 2613 911 2661 apparet,
948 2610 1019 2649 ubi
1059 2609 1266 2649 exercitus
1302 2612 1443 2661 partes
1483 2610 1594 2657 sint,
1630 2608 1689 2647 ibi
1720 2608 1773 2647 de

391 2666 775 2717 exercitibus'iure
809 2678 936 2718 verba
970 2663 1064 2718 fieri
1099 2690 1259 2731 posse3
1294 2678 1366 2721 ubi
1402 2681 1542 2718 tamen
1578 2689 1661 2717 non
1691 2676 1776 2717 sint
