1890 3190
0 0 9 271 Ι
284 197 289 207 .
749 231 766 239 μ
906 209 969 259 15
1227 193 1237 199 ,

245 389 364 418 neam
394 386 512 424 esse,
557 374 602 414 id
632 374 743 426 quod
782 374 1011 414 editoribus
1049 373 1180 421 visum
1218 387 1315 413 esse
1350 374 1531 425 videtur,
1574 380 1620 416 ut

244 444 496 500 aptissimam
533 444 709 483 habeam
746 444 798 483 ad
832 443 995 495 paterni
1037 443 1161 483 animi
1196 447 1351 483 motum
1387 444 1619 497 significan-

244 517 413 555 dumet
443 513 494 552 ad
524 513 606 552 vim
635 513 766 565 patris
797 513 993 565 precibus
1024 511 1266 552 addendam.

298 581 380 622 Hie
408 581 666 632 adverbium,
698 581 809 634 quod
837 580 957 634 mlgo
986 584 1085 633 post
1113 581 1309 621 deterreri
1328 582 1509 634 positum
1539 587 1617 632 est,

241 654 284 692 in
313 652 427 692 Flor.
460 656 503 691 et
530 652 615 693 Pal.
641 650 681 692 2.
713 655 812 704 post
837 651 911 694 sed
936 651 1075 692 locum
1102 652 1247 701 habet,
1279 651 1390 704 quod
1419 652 1519 692 mihi
1546 653 1620 693 sed

183 757 185 759 .
241 721 438 762 retinenti
467 723 686 774 probatur,
714 725 781 770 ut,
812 734 905 761 cum
928 720 1013 770 illie
1036 721 1230 776 adverbio
1251 721 1523 774 respondeat,
1546 734 1617 776 pa-

240 791 345 830 riter
373 794 495 843 atque
528 791 612 831 illic
640 794 735 831 ante
765 791 935 830 verbum
964 790 1019 830 sit
1047 790 1240 842 positum.
1285 791 1451 843 Optime
1480 795 1617 833 autem

239 859 306 900 lu'e
341 864 436 900 ante
481 861 675 901 deterreri
714 861 814 913 poni
859 860 1142 912 unusquisque
1183 860 1340 899 videbit
1355 889 1367 910 ,
1422 861 1492 913 qui
1533 874 1614 914 quo

240 928 363 968 modo
381 920 529 969 'Latini
558 931 683 970 verba
712 943 885 982 quorum
914 929 1026 970 aliud
1055 930 1107 968 ad
1137 929 1247 969 aliud
1275 929 1458 970 refertur
1487 930 1614 970 collo—

241 1011 336 1040 care
367 1000 606 1040 consuerint
635 1013 717 1040 non
747 999 921 1052 ignorat.
981 998 1168 1039 Similem
1194 999 1415 1039 verborum
1442 999 1614 1053 positio-

238 1081 334 1107 nem
362 1069 493 1108 habes
524 1070 634 1122 apud
660 1069 747 1108 Liv.
777 1068 905 1111 XXV.
924 1065 971 1118 6,
1001 1066 1084 1109 2οε
1114 1069 1272 1118 „urbes
1304 1068 1404 1108 alias
1434 1069 1613 1119 Poenus,

239 1137 340 1177 alias
377 1138 585 1179 Romanus
625 1138 886 1192 expugnat‚''
929 1138 1000 1179 ubi
1039 1138 1198 1178 duobus
1216 1127 1218 1130 ξ
1236 1137 1342 1178 locis
1379 1137 1483 1179 alias
1518 1142 1613 1180 ante

239 1208 536 1248 substantivum
565 1213 631 1247 est
660 1208 921 1248 collocatum.
953 1208 1018 1247 Cf.
1034 1207 1162 1248 XXV.
1188 1204 1237 1257 3,
1271 1205 1357 1247 15:
1395 1222 1489 1257 „eo
1518 1209 1612 1262 ipso

239 1276 350 1328 quod
379 1276 650 1334 dificillimum
678 1277 858 1327 videtur,
888 1276 1052 1317 facilius
1084 1276 1164 1316 erit
1178 1291 1191 1326 ;
1207 1275 1246 1329 ¹⁶¹)
1275 1275 1403 1317 XXV.
1434 1274 1491 1316 22
1519 1277 1612 1317 fin.:

238 1351 317 1396 „et
344 1351 464 1387 antea
494 1347 670 1388 solvisse
702 1348 983 1397 obsidionem,
1019 1351 1063 1387 et
1099 1359 1207 1387 nunc
1246 1346 1464 1387 adventum
1494 1360 1613 1402 suum

239 1416 432 1456 consules
463 1430 547 1457 non
576 1417 777 1466 laturos‚”
808 1417 912 1457 alios
942 1416 1075 1456 locos.

293 1484 374 1525 Hic
411 1486 535 1527 etiam
571 1490 667 1526 ante
707 1486 903 1527 deterreri
936 1486 1118 1539 positum
1156 1490 1223 1525 est
1264 1489 1310 1525 ut
1346 1498 1533 1539 magnam
1568 1486 1613 1539 in

237 1568 288 1594 eo
319 1555 460 1594 inesse
490 1555 570 1595 vim
601 1555 916 1608 significaretur.
961 1555 1009 1594 In
1038 1554 1232 1594 deterreri
1259 1556 1369 1594 enim
1398 1555 1612 1606 maximam

237 1624 278 1663 h.
295 1624 323 1664 l.
353 1625 434 1663 vim
462 1625 604 1664 inesse
635 1624 827 1676 equidem
855 1637 940 1664 non
969 1624 1242 1673 crediderim,
1274 1624 1352 1664 sed
1379 1624 1423 1664 in
1452 1637 1502 1664 ea
1522 1637 1613 1664 sum

238 1693 432 1746 opinione
462 1697 508 1732 ut
535 1693 579 1732 in
607 1693 825 1746 particulis
855 1693 993 1733 locum
1023 1693 1349 1746 significantibus
1381 1705 1471 1733 eam
1491 1706 1612 1746 quae·

236 1763 407 1802 rendam
443 1764 675 1803 existimem
719 1776 845 1812 esse3
885 1763 996 1815 quod
1032 1763 1112 1803 iam
1155 1762 1253 1802 inde
1294 1766 1467 1816 apparet
1503 1763 1614 1815 quod

236 1832 341 1872 duae
371 1832 597 1885 particulae
629 1835 724 1872 sunt
752 1833 928 1885 positae.
986 1831 1153 1872 Etenim
1182 1832 1265 1871 iam
1294 1845 1344 1872 ex
1374 1831 1614 1872 deterrendi

236 1905 280 1941 et
308 1902 498 1942 vincendi
526 1903 664 1941 verbis
696 1905 739 1941 et
768 1915 819 1941 ex
847 1906 936 1941 toto
968 1915 1107 1942 rerum
1136 1914 1242 1941 nexu
1270 1901 1447 1954 intelligi
1471 1905 1614 1955 potest

236 1970 431 2011 deterreri
457 1971 510 2011 ad
540 1984 633 2011 eum
661 1971 799 2011 locum
826 1970 1001 2021 referri,
1039 1982 1119 2023 quo
1155 1968 1344 2010 vCalavius
1375 1974 1419 2010 et
1446 1970 1613 2024 Perolla

235 2041 346 2080 inter
384 2054 430 2080 se
471 2020 771 2094 conloquuntur
786 2071 798 2091 ‚
835 2042 945 2081 vinci
977 2044 1113 2080 autem
1150 2040 1202 2079 ad
1240 2052 1334 2079 eum
1350 2070 1362 2090 ‚
1402 2053 1482 2092 quo
1519 2054 1613 2081 cum

235 2110 467 2150 Hannibale
499 2111 700 2163 congredi
728 2114 872 2163 potest
899 2110 1024 2150 filius.
1064 2110 1166 2150 Cum
1196 2109 1306 2149 enim
1335 2113 1455 2162 pater
1482 2109 1614 2150 filium

236 2179 451 2219 deterrere
480 2184 656 2229 tantum,
686 2180 810 2219 modo
840 2179 953 2219 nullo
977 2180 1143 2219 vincere
1172 2179 1331 2232 possit,
1359 2179 1441 2218 iam
1470 2179 1612 2220 adver·

234 2250 316 2289 biis
354 2249 421 2288 hic
457 2253 501 2288 et
536 2248 620 2288 illic
656 2249 831 2289 adiectis
871 2249 1026 2301 optime
1072 2249 1326 2301 significatur
1362 2252 1525 2301 patrem
1561 2261 1613 2289 ex

235 2319 323 2359 filio
353 2322 521 2371 petere,
551 2322 597 2357 ut
624 2317 691 2361 hic
720 2319 829 2372 apud
858 2331 905 2358 se
935 2319 979 2358 in
1009 2318 1234 2358 solitudine
1262 2318 1445 2371 positum
1472 2317 1613 2358 volun-

235 2392 363 2427 tatem
390 2388 530 2441 potius
560 2388 707 2426 mutari
738 2389 846 2428 sinat
876 2401 995 2439 quam
1016 2387 1100 2427 illic
1123 2388 1232 2440 apud
1247 2387 1536 2437 Hannibalem,
1549 2391 1612 2427 ut-

236 2471 316 2510 que
345 2457 412 2498 Ιιίι·
439 2457 578 2511 potius
610 2456 731 2498 cedat
759 2457 889 2499 amori
919 2460 1042 2511 atque
1069 2457 1265 2511 precibus
1297 2470 1417 2511 quam
1444 2455 1529 2498 illic
1555 2456 1612 2498 vi-

235 2527 350 2567 ribus
381 2540 429 2567 ac
458 2527 691 2567 violentiae.

265 2676 300 2715 *)
325 2677 376 2708 Ita
398 2677 582 2720 legendum
606 2686 685 2722 esse
708 2681 828 2718 postea
853 2679 1040 2710 ostendam.
