1890 3190
938 214 973 263 8

320 378 382 417 Ac
412 377 589 435 primum
619 376 783 429 quidem
814 380 955 417 notum
986 382 1053 417 est
1087 378 1278 425 librarios
1310 392 1436 434 saepe
1467 392 1638 420 numero

265 447 553 501 explicationis
586 460 732 487 caussa
761 447 915 499 aliquid
943 448 1080 487 verbis
1114 462 1138 487 a
1167 449 1373 502 scriptore
1403 446 1551 503 positis
1569 450 1637 488 ad·
1719 446 1723 452 ’

265 517 438 557 didisse.
496 516 621 568 ‚Quod
650 516 687 556 si
715 516 926 567 fecerunt,
963 529 1047 557 non
1084 517 1296 571 elegantes
1335 519 1539 565 dictiones
1570 522 1639 559 aut

266 587 470 639 exquisita
497 588 623 626 verba
648 582 918 638 usurparunt,
950 587 1027 626 sed
1056 601 1175 638 quam
1198 589 1506 641 simplicissime
1537 590 1651 628 scri--

261 659 436 708 pserunt
481 655 668 694 oratione
713 654 826 693 nullo
866 655 1077 708 pigmento
1116 655 1299 696 colorata
1339 657 1417 697 usi.
1482 656 1636 697 Nostro

264 724 380 775 loco,
412 725 482 765 ubi
513 725 617 764 duae
648 728 744 765 sunt
771 725 882 765 inter
911 738 958 764 se
989 725 1176 765 diversae
1208 727 1459 779 scripturae,
1497 727 1637 767 Livius

263 798 400 834 autem
439 794 678 833 alterutram
721 797 877 833 tantum
915 794 1113 834 exhibere
1148 795 1304 848 potuit,
1341 795 1637 849 elegantiorem

262 868 454 917 putemus
485 877 662 904 necesse
694 868 760 903 est
795 877 819 903 a
853 863 969 903 Livio
1001 877 1097 904 esse
1126 865 1370 917 profectam.
1428 865 1542 906 Nihil
1571 879 1637 905 au-

262 938 349 973 tem
381 934 610 986 simplicius
641 946 734 973 cum
764 933 819 972 sit
849 933 1034 984 dictione
1060 935 1221 988 captivo
1249 936 1335 974 vati
1362 936 1499 989 inyem
1513 934 1638 974 lumos

263 1002 406 1043 haberi
433 1008 608 1057 coeptus,
640 1007 808 1056 oportet
837 1003 1007 1042 alteram
1039 1004 1303 1056 scripturam:
1333 1006 1471 1057 ingens
1499 1004 1641 1044 haben·

264 1075 447 1126 captivus
475 1078 587 1113 vates
616 1077 779 1126 coeptus
815 1071 1024 1114 Livianam
1058 1073 1302 1124 habeamus,
1341 1074 1494 1127 quippe
1513 1074 1515 1077 ’
1534 1086 1637 1126 quae

263 1143 398 1182 rarior
427 1143 555 1183 multo
587 1146 631 1183 et
659 1142 903 1196 exquisitior
933 1143 1000 1183 sit.
1237 1184 1239 1186 ,

336 1212 518 1262 Deinde,
558 1212 595 1253 si
639 1212 730 1266 quis
768 1212 970 1252 honorem
1008 1212 1051 1253 in
1087 1212 1265 1265 aliquem
1298 1212 1505 1253 conlatum
1541 1225 1637 1251 esse

264 1281 388 1331 dicit,
420 1295 511 1322 mea
541 1282 748 1323 sententia
777 1282 900 1321 addat
928 1294 1106 1322 necesse
1136 1285 1221 1331 est,
1253 1282 1384 1334 qualis
1414 1281 1487 1322 ille
1502 1282 1636 1321 honos

261 1351 417 1400 fuerit;
449 1364 543 1392 nam
573 1364 624 1392 ex
654 1364 705 1391 eo
725 1351 836 1404 quod
863 1351 1023 1398 hon-ore
1049 1351 1225 1404 aliquem
1243 1351 1451 1394 adfectum
1469 1351 1636 1399 scimus,

262 1421 445 1460 nondum
475 1434 556 1473 quo
586 1421 710 1461 modo
739 1421 966 1461 honoratus
997 1420 1069 1461 ille
1101 1421 1156 1460 sit
1173 1420 1372 1476 colligere
1394 1432 1637 1474 possumus;

262 1490 445 1532 honores
478 1490 588 1531 enim
617 1491 727 1532 inter
757 1504 814 1532 se·
833 1490 951 1530 valde
983 1490 1135 1531 diversi
1166 1504 1261 1546 esse
1291 1494 1479 1545 possunt.

320 1560 472 1601 Procul
502 1561 627 1601 dubio
658 1561 783 1602 verba
822 1574 925 1614 quae
954 1560 1244 1615 Alschefskius
1285 1561 1453 1601 exhibet
1487 1559 1638 1600 lectori

262 1643 345 1671 non
376 1631 477 1671 satis
515 1630 685 1673 faciunt.
745 1630 891 1684 Neque
930 1631 1146 1681 sequentia
1181 1631 1334 1672 verba:
1371 1643 1531 1684 eumque
1566 1629 1638 1671 ad-

261 1698 395 1742 hihere
416 1699 566 1740 tribuni
594 1703 673 1741 cet,
705 1699 837 1753 qualis
867 1699 940 1740 ille
956 1700 1091 1740 honos
1121 1700 1248 1740 fuerit
1278 1699 1514 1747 ostendunt,
1546 1711 1638 1739 cum

261 1769 554 1809 antecedentia
582 1781 665 1809 non
703 1769 933 1821 explicent,
964 1769 1044 1809 sed
1079 1781 1161 1808 non
1200 1768 1333 1809 solum
1369 1767 1526 1821 ingenti
1563 1767 1637 1808 ho.-

261 1850 365 1877 nore
396 1837 575 1877 doceant
588 1841 722 1879 vatem
747 1842 1005 1888 exornatum,
1035 1851 1176 1878 verum
1206 1838 1331 1879 etiam
1360 1837 1411 1878 ad
1439 1836 1541 1878 alias
1566 1849 1636 1877 res

261 1908 542 1960 perficiendas
573 1908 801 1948 adhibitum
832 1921 941 1947 esse.
1001 1907 1140 1948 Verba
1176 1912 1339 1947 autem:
1379 1920 1540 1961 eumque
1568 1906 1637 1946 ad.

261 1976 397 2018 hibere
427 1981 507 2018 cet.
521 1966 620 2028 *non
652 1977 970 2032 explicationem
992 1978 1207 2018 continere
1228 1990 1372 2018 eorum
1396 1989 1500 2030 quae
1519 1971 1638 2032 antea

262 2047 374 2086 dicta
405 2050 519 2096 sunt,
549 2047 630 2086 iam
661 2047 836 2099 simplex
857 2061 933 2100 que
963 2047 1111 2100 copula
1135 2047 1337 2102 ostendit,
1362 2046 1515 2099 quippe
1533 2058 1636 2096 quae

263 2128 432 2169 semper
448 2103 686 2169 'etubique
717 2116 810 2157 novi
841 2115 995 2171 aliquid
1025 2116 1077 2155 ad
1112 2116 1253 2170 priora
1289 2115 1385 2156 addi
1414 2115 1634 2168 significet.

263 2185 318 2226 cf.
348 2185 506 2238 Reisig.
538 2185 671 2225 schol.
702 2198 871 2238 gramm.
902 2185 972 2226 lat.
1013 2183 1048 2240 ξ.
1079 2182 1178 2226 233.
1237 2185 1400 2238 ltaque,
1435 2188 1481 2226 ut
1516 2197 1636 2238 repe-

260 2258 364 2305 tam,
395 2258 439 2295 et
467 2255 614 2308 ingens
643 2255 778 2296 honos
811 2256 971 2308 captivo
1002 2255 1083 2297 vati
1111 2255 1275 2296 habitus
1307 2259 1373 2297 est
1402 2258 1445 2295 et
1483 2253 1637 2294 tribuni

261 2325 437 2377 militum
473 2337 567 2365 eum
604 2325 656 2364 ad
691 2325 856 2378 prodigi
893 2325 1043 2365 Albani
1080 2325 1416 2378 procurationem
1453 2337 1501 2363 ac
1533 2323 1636 2362 deos

260 2394 341 2435 rite
371 2393 598 2447 placandos
629 2394 919 2443 adhibuerunt.
968 2394 1053 2436 Sed
1082 2394 1213 2447 qualis
1243 2394 1317 2435 ille
1346 2393 1474 2434 fuerit
1501 2392 1636 2433 honos

260 2477 344 2504 non
382 2464 547 2505 dicitur.
606 2464 663 2504 Et
697 2467 836 2515 tamen
872 2464 1032 2505 dicatur
1069 2467 1261 2520 oporteat
1278 2493 1291 2515 ,
1330 2463 1368 2504 si
1404 2475 1501 2503 vera
1538 2474 1635 2502 esse

261 2533 414 2575 debeat
442 2533 514 2575 illa
544 2534 762 2590 scriptura.

324 2603 460 2644 Aliter
498 2608 634 2646 autem
671 2617 742 2645 res
780 2617 829 2644 se
865 2605 991 2645 habet
1034 2607 1195 2645 servata
1228 2602 1408 2643 Bekkeri
1446 2601 1636 2643 aliorum-

260 2686 340 2726 que
385 2673 621 2727 scriptura3
664 2674 769 2715 haec
808 2674 918 2715 enim
964 2673 1117 2715 nullam
1162 2672 1361 2729 efflagitat
1397 2671 1634 2728 explicatio-
