1890 3190
0 0 305 20 ῌΜωω““ἵ
317 0 434 13 “”“*“9”ι“”’“4“
450 0 501 17 ’ΨΠ
541 0 566 6 'N
583 0 620 6 ‘V’
643 0 647 3 ⁷
660 0 664 3 '

929 219 987 268 11

265 391 444 445 optimus
475 384 646 426 exhibet
661 389 743 425 tum
771 382 880 438 qnod
898 388 938 425 et
959 396 1055 424 rare
1073 396 1165 437 pet,
1196 382 1263 424 cui
1292 382 1523 424 adsentitur
1539 383 1644 424 alter

262 459 392 501 Paris.
425 454 612 495 eiusdem
640 453 794 494 decimi
820 453 998 502 saeculi,
1028 457 1073 492 et
1099 453 1143 492 in
1172 453 1296 496 tertio
1322 453 1496 505 quodam
1512 452 1642 493 Paris.

238 526 402 582 ,paullo
448 523 696 564 recentioris
738 522 890 562 aetatis
930 521 1061 564 altera
1107 522 1272 563 demum
1311 535 1431 577 manu
1473 526 1568 562 ante
1606 527 1646 562 et

263 609 387 637 rarae
414 606 493 634 vox
515 607 674 647 parvae
702 592 841 632 addita
870 595 949 632 est.

318 666 460 716 Itaque
499 663 537 703 si
572 662 742 702 codices
783 661 897 702 solos
926 661 1174 715 respicimus
1210 640 1357 714 procul
1396 661 1521 701 dubio
1562 666 1641 701 tum

260 734 373 790 quod
402 746 578 788 parvae
589 737 630 773 et
656 745 778 772 rarae
813 731 957 794 legere
995 730 1222 781 debcmus;
1262 744 1355 771 nam
1387 730 1541 771 Pariss.
1581 730 1642 771 illi

259 802 516 844 Alschefskii
535 815 619 841 non
643 804 841 854 superant
857 800 1101 840 auctoritate
1117 801 1238 840 codd.
1248 801 1438 842 Vormac.
1455 801 1641 840 Florent.

260 873 379 914 Harl.
404 869 443 913 1.
473 871 592 912 Leid.
615 869 653 912 1.
644 901 676 922 .,
708 883 878 924 quarum
912 870 956 910 in
985 869 1144 910 duobus
1174 870 1477 924 posterioribus
1507 875 1547 910 et
1575 883 1641 911 co-

259 943 358 995 pula
386 945 545 981 tantum
582 941 810 980 scribarum
847 953 991 979 errore
1023 939 1183 979 sublata
1213 943 1291 979 est.

314 1011 405 1051 Jam
420 1010 676 1051 Alschefskii
691 1010 828 1059 verba,
849 1009 996 1061 quibus
1028 1021 1131 1061 quae
1161 1008 1290 1048 fuerit
1320 1008 1474 1048 erroris
1494 1020 1641 1065 caussa

258 1082 544 1121 demonstrare
574 1083 766 1130 conatur,
804 1079 1017 1134 adponere
1055 1078 1208 1128 liceat3
1248 1079 1305 1118 ait
1342 1082 1478 1118 autem
1513 1062 1640 1119 liaec:

257 1152 381 1200 „iam
411 1150 589 1202 antiquis
622 1149 831 1198 librariis,
862 1149 932 1201 qui
970 1161 1053 1188 non
1089 1149 1279 1187 viderent
1313 1148 1421 1202 quod
1448 1154 1498 1191 et,
1516 1148 1641 1201 aptis-

259 1221 364 1261 sime
395 1221 623 1271 cohaerere
655 1232 747 1259 cum
778 1218 969 1271 sequenti
1006 1223 1045 1258 et
1073 1218 1200 1272 qnod,
1237 1218 1482 1258 adiectivum
1513 1218 1640 1270 quod-

257 1290 353 1328 dam
383 1292 478 1328 ante
507 1293 548 1328 et
575 1301 696 1327 rarae
726 1288 933 1327 excidisse
971 1287 1212 1338 videbatur3
1242 1287 1340 1326 inde
1377 1287 1531 1326 factum
1561 1292 1639 1335 est,

255 1363 301 1398 ut
324 1371 482 1411 parvae
511 1380 569 1386 —
597 1358 640 1397 in
669 1357 793 1396 tertio
825 1357 1001 1409 quodam
1029 1356 1160 1396 Paris.
1182 1378 1240 1385 -—
1270 1356 1493 1396 adderetur
1524 1360 1567 1396 ct
1595 1356 1638 1396 in

256 1427 349 1467 cod.
380 1427 515 1467 Rhen.
547 1430 591 1466 et
619 1427 662 1466 in
688 1426 747 1466 M.
777 1426 821 1466 in
850 1426 1053 1479 integram
1083 1426 1312 1472 orationem
1341 1426 1637 1478 reciperetur.''

256 1497 342 1536 Sed
381 1510 431 1536 ea
465 1510 579 1536 mera
617 1499 686 1535 est
720 1496 889 1548 opinio;
927 1509 975 1535 re
1011 1508 1109 1535 vera
1145 1509 1234 1535 rem
1271 1496 1329 1535 ita
1365 1509 1412 1535 se
1441 1496 1638 1535 habuisse

254 1565 547 1605 Alschefskius
579 1566 866 1605 demonstrare
895 1578 979 1605 non
1008 1565 1176 1617 poterit.
1206 1565 1368 1619 Eodem
1385 1565 1487 1615 iure,
1512 1565 1636 1607 immo

254 1636 452 1684 meliore,
484 1636 627 1687 dicere
657 1647 829 1687 possum
857 1638 1082 1687 propterea
1119 1635 1230 1686 quod
1257 1649 1416 1687 parvae
1446 1639 1489 1674 et
1516 1649 1638 1674 rarae

254 1717 339 1743 non
369 1704 566 1752 multum,
598 1704 706 1755 quod
738 1703 898 1743 litteras
931 1703 1076 1755 quibus
1116 1707 1333 1742 exarantur
1362 1703 1528 1752 attinet,
1560 1704 1636 1743 dif—

253 1773 412 1822 ferant,
443 1786 602 1826 parvae
630 1772 756 1812 facile
787 1772 981 1812 excidere
1011 1772 1214 1825 potuisse.
1253 1772 1308 1812 Et
1335 1773 1439 1812 haec
1470 1773 1637 1825 quidem

253 1842 512 1882 Alschefskii
543 1854 689 1881 caussa
718 1840 820 1880 nihil
850 1842 979 1890 valet,
1018 1842 1199 1893 quamvis
1238 1841 1346 1895 quod
1373 1847 1414 1881 et
1441 1846 1564 1894 atque
1595 1847 1635 1882 et

253 1912 367 1965 quod
394 1911 626 1951 arctissime
658 1911 884 1951 cohaerere
914 1924 1043 1963 posse
1074 1924 1157 1950 non
1187 1924 1348 1963 negem.

311 1981 433 2032 Quod
464 1980 616 2019 deinde
654 1980 943 2019 Alschefskius
981 1981 1084 2030 dicit
1120 1993 1264 2019 vocem
1295 1980 1515 2034 pleraeque
1544 1984 1631 2020 tum

254 2052 418 2091 demum
447 2051 649 2102 integram
678 2050 829 2099 videri,
863 2064 955 2090 cum
985 2051 1093 2104 quod
1120 2056 1160 2090 et
1187 2073 1245 2079 —
1274 2055 1314 2090 et
1349 2051 1457 2104 quod
1491 2051 1634 2091 arctis-

253 2121 357 2160 sime
412 2120 732 2171 coniungmtur,
779 2120 823 2159 id
871 2120 1036 2171 quidem
1079 2133 1220 2159 verum
1272 2124 1355 2168 est,
1403 2120 1478 2159 sed
1531 2120 1634 2159 nihil

253 2191 520 2237 demonstrat,
553 2202 646 2229 cnm
675 2202 758 2228 non
796 2189 929 2229 minus
965 2203 1107 2229 verum
1148 2190 1203 2229 sit
1238 2203 1382 2229 vocem
1412 2189 1634 2243 pleraeque

251 2263 408 2298 rectam
454 2271 573 2307 esse,
618 2258 742 2297 modo
790 2258 897 2312 quod
923 2281 982 2288 —
1010 2263 1049 2298 et
1093 2257 1201 2313 qaod
1244 2262 1357 2298 arcte
1404 2259 1632 2299 cohaerere

252 2332 461 2381 putentur.
521 2328 577 2366 Et
604 2328 709 2367 haec
741 2329 906 2380 quidem
936 2343 1027 2369 mea
1057 2332 1123 2367 est
1149 2329 1367 2368 sententia.

308 2398 398 2438 Jam
432 2409 530 2436 vero
571 2396 797 2437 ostendam.
824 2410 1000 2437 necesse
1040 2400 1126 2445 est,
1167 2410 1246 2449 quo
1277 2397 1401 2437 modo
1441 2397 1633 2449 equidem

252 2467 522 2519 plurimorum
543 2455 872 2518 optimorumque
904 2467 1093 2506 codicum
1115 2467 1361 2520 scripturam
1380 2468 1634 2519 interpreter

252 2549 300 2575 ac
339 2536 574 2576 defendam.
634 2536 695 2575 Ac
731 2535 818 2575 vult
857 2536 1022 2589 quidem
1061 2536 1200 2577 Livius
1241 2537 1415 2586 docere,
1454 2550 1527 2575 cur
1560 2549 1630 2576 res

256 2620 355 2657 quas
388 2607 566 2658 quinque
597 2606 715 2645 libris
748 2607 989 2659 exposuerit
1016 2607 1135 2646 xalde
1167 2607 1368 2646 obscurae
1400 2607 1511 2655 sint;
1548 2607 1630 2645 hoc

250 2680 295 2714 ut
325 2675 497 2737 efficiat,
535 2676 705 2715 alteram
744 2689 933 2716 caussam
956 2676 1058 2716 dicit
1086 2676 1265 2730 positam
1289 2690 1385 2717 csse
1415 2676 1458 2716 in
1488 2689 1628 2715 rerum
