1890 3190
892 224 959 284 25

1013 310 1061 317 --

234 399 394 441 finitum
422 397 466 437 in
494 391 659 449 passivo
676 404 729 436 e'a
756 395 1085 449 intemmmntur,
1113 408 1225 449 quae
1240 408 1334 437 cum
1353 396 1427 437 ms
1440 397 1609 438 vocibus

236 466 468 510 arctissime
500 465 786 519 coniungenda
815 469 911 506 sunt
945 465 1035 506 sive
1070 466 1124 506 ad
1161 479 1265 519 quae
1293 466 1499 508 verbivis
1529 480 1610 508 mt-

235 539 347 578 xime
377 536 572 589 pertinet.
619 535 673 576 cf.
703 534 850 575 XXIII.
870 533 937 585 «2,
967 532 996 576 3
1016 549 1029 575 =
1066 548 1147 589 quo
1175 548 1247 576 res
1275 536 1383 576 male
1411 540 1531 590 gesta
1558 538 1612 578 ed

239 607 529 647 Trasimenum
565 609 644 646 est.
689 604 720 645 1.
758 603 933 658 7.·1mt
969 605 1106 645 med.:
1144 605 1322 646 miratae
1358 618 1435 646 eae
1463 610 1610 659 gentes

238 669 416 717 fuerant.
446 675 592 715 XXIII.
627 671 704 723 28,
737 671 819 714 12:
857 674 914 714 ita
950 674 1033 714 iam
1071 679 1220 728 coepta
1254 675 1422 716 obsidio
1458 676 1612 717 omissa

239 747 288 786 ab
318 746 515 786 Romanis
546 748 624 794 est,-
653 743 801 784 XXVI.
842 741 886 793 l,
916 742 972 784 2.
1003 744 1053 796 Q.
1083 744 1227 785 Fulvio
1256 745 1335 798 Ap.
1366 745 1539 787 Claudio
1554 768 1612 776 -—

239 818 505 868 prorogatum
534 814 752 866 imperium
781 813 884 854 est.”
903 813 943 866 *)

213 894 216 897 ·
295 884 492 932 Accedit,
518 887 567 923 ut
596 883 649 922 ad
677 887 860 923 nostram
888 895 976 922 rem
1006 883 1244 934 redeamus,
1275 884 1386 937 quod
1401 884 1541 925 lavim
1563 885 1612 927 li·

237 956 388 995 benter
414 954 542 993 verbo
573 957 668 993 ante
699 953 994 993 substantivum
1023 953 1163 1006 posite
1183 954 1449 994 sententium
1460 954 1613 995 claudit

237 1024 331 1077 ipso
370 1023 645 1072 substantivo,
683 1022 797 1062 nullo
833 1022 1074 1062 discrimine
1108 1022 1223 1062 facto
1258 1027 1394 1064 utrum
1428 1024 1486 1064 sit
1520 1036 1612 1077 per-

236 1094 443 1145 ticipium,
474 1106 525 1132 an
554 1093 791 1140 infinitivus,
822 1105 873 1131 an
901 1093 1070 1131 verbum
1097 1093 1269 1132 finitum.
1302 1093 1370 1132 ef.
1394 1092 1541 1133 xxm.
1566 1091 1612 1143 2.,

240 1159 286 1204 lt
322 1161 420 1202 inde
467 1161 648 1215 Capuam
681 1161 815 1202 flectit
848 1161 942 1202 iter.
979 1159 1125 1202 xxm.
1160 1158 1210 1211 6,
1247 1157 1297 1202 3:
1334 1162 1395 1203 uti
1432 1161 1613 1204 deletum

240 1233 426 1272 omnibus
464 1232 676 1272 videretur
709 1245 860 1272 nomen
896 1230 1137 1272 Romanum.
1179 1231 1326 1272 XXIII.
1365 1229 1411 1282 1,
1447 1230 1497 1273 8:
1533 1245 1612 1274 nec

239 1301 441 1340 evasisset
468 1302 682 1352 quisquam
711 1300 754 1340 ni
789 1313 902 1339 mare
937 1300 1211 1353 propinquum
1247 1305 1290 1340 et
1323 1301 1434 1341 haud
1467 1301 1613 1354 procul

238 1370 380 1410 littore
408 1383 533 1409 neves
562 1391 622 1398 —
649 1368 866 1409 dedissent
893 1369 1110 1422 effugium3
1139 1370 1239 1410 ibid.
1268 1368 1315 1420 2,
1330 1368 1380 1411 23
1414 1371 1612 1412 Pacuvius

239 1439 428 1479 Calavius
456 1461 516 1469 —
544 1438 664 1478 malis
692 1439 848 1479 artibus
878 1443 1050 1479 nanctus
1066 1438 1127 1492 ¹⁸¹⁴¹)
1159 1453 1283 1492 opes,
1303 1440 1404 1481 ibid.
1437 1437 1479 1481 9.
1498 1438 1548 1480 4:
1567 1445 1615 1481 ut

240 1521 331 1548 eam
360 1508 493 1560 ipsam
521 1521 705 1548 mensem
735 1511 973 1548 cruentares
1002 1508 1182 1561 hospitis
1212 1510 1424 1562 sangnine.
1453 1507 1523 1550 25.
1545 1507 1612 1559 19,

242 1575 316 1617 15:
339 1582 385 1617 ut
414 1582 641 1630 conspecta
656 1578 767 1617 inter
795 1591 841 1617 se
862 1578 1435 1631 emineant—extemplo
1464 1579 1613 1620 instru-

241 1649 331 1687 ctae
362 1646 494 1696 ecies;
524 1646 623 1687 ibid.
654 1643 690 1701 §.
724 1642 790 1687 16.
820 1645 914 1687 fusa
934 1646 1158 1701 ,extmplo
1181 1650 1249 1687 est
1276 1646 1462 1689 Romane
1486 1648 1611 1690 acies.

297 1717 447 1756 Certae
477 1730 576 1756 sane
604 1716 773 1769 regulae
803 1730 886 1757 non
914 1718 1007 1757 fleri
1036 1721 1178 1770 potest
1205 1718 1284 1757 hac
1313 1718 1367 1757 de
1395 1719 1614 1759 νοῶσι-ιιι

241 1785 514 1825 collocatione
544 1789 590 1825 ut
618 1786 899 1836 exhibeantur,
929 1786 1083 1839 quippe
1119 1797 1214 1827 cum
1242 1787 1304 1827 in·
1322 1787 1539 1840 scriptoris
1570 1792 1614 1834 et

240 1855 449 1895 voluntate
479 1855 694 1909 pulcrique
725 1868 852 1897 sensu
876 1860 920 1896 et
948 1856 1235 1896 sententia-de
1263 1856 1388 1896 rebus
1417 1856 1473 1897 iis
1509 1870 1613 1910 quae

242 1926 326 1965 sint
355 1926 589 1978 graviores,
627 1939 731 1979 quae
770 1927 947 1966 leviores
984 1926 1165 1978 positum
1202 1927 1275 1976 sit,
1319 1927 1481 1979 qualem
1514 1928 1615 1967 velit

243 1995 400 2048 eligere
439 1995 778 2045 collocationem,
813 1996 1062 2048 praesertim
1096 1995 1168 2037 ubi
1203 1995 1347 2049 plures
1364 1996 1613 2037 collocatio-

243 2077 319 2104 nes
354 2068 496 2105 rectae
525 2078 729 2118 veraeque
763 2078 862 2105 esse
890 2065 1068 2118 possint.
1115 2064 1291 2118 Semper
1316 2065 1431 2106 enim¹
1456 2070 1499 2106 et
1525 2066 1613 2107 ubi-

245 2147 344 2184 que,
376 2135 413 2173 si
446 2135 630 2186 regulam
662 2135 946 2187 proposueris,
977 2148 1080 2186 quae
1109 2135 1154 2175 iu
1183 2148 1273 2174 eum
1302 2148 1385 2174 non
1414 2136 1614 2187 quadrent

247 2203 447 2244 invenies.
479 2204 624 2258 Neque
653 2205 763 2245 enim
787 2219 879 2245 rare
906 2208 1003 2246 sunt
1029 2204 1199 2246 alterius
1227 2204 1449 2258 positionis
1478 2219 1613 2248 exem-

275 2402 312 2441 *)
337 2401 449 2443 Quare
474 2402 630 2441 equidem
654 2402 754 2434 etiam
778 2412 854 2435 cum
877 2403 999 2435 Febr-io
1016 2403 1150 2443 xxm.
1181 2399 1223 2446 3,
1246 2401 1269 2436 5
1291 2413 1435 2445 repono:
1466 2427 1491 2448 „
1499 2405 1614 2444 itaque

337 2460 425 2491 duae
448 2468 504 2490 res
528 2460 628 2491 simul
653 2460 807 2503 agendae
818 2460 917 2492 vobis
937 2460 1044 2493 sunt”
1062 2470 1122 2506 pro
1142 2461 1247 2493 altera
1263 2462 1444 2502 scriptura:
1474 2472 1612 2506 „agen-

337 2518 401 2550 dae
426 2522 506 2550 sunt
527 2517 661 2551 vobis.'‘

263 2575 319 2614 ⁴⁸)
342 2576 395 2608 Ita
416 2576 538 2608 Livius
570 2585 674 2617 saepe
703 2585 842 2608 numero
873 2577 988 2609 scribit
1015 2578 1132 2617 partic.
1160 2578 1256 2610 verbi
1286 2575 1459 2622 ηιαιοίσσὶς
1490 2579 1534 2612 cf.
1556 2576 1613 2612 24.

336 2629 569 2678 31,14.·,23.
592 2630 634 2679 2,
657 2630 699 2678 23
723 2630 780 2668 27.
803 2630 870 2679 28,
892 2634 986 2679 init.3
1009 2631 1066 2668 25.
1089 2631 1154 2680 30,
1177 2636 1268 2680 init.3
1291 2632 1348 2669 28.
1361 2632 1423 2682 31,
1446 2636 1519 2671 init.
1541 2637 1613 2671 no-

338 2693 510 2725 stitnenda
531 2696 585 2725 est
612 2701 655 2725 ea
675 2694 804 2725 ‘emax
826 2690 885 2727 22.
907 2692 972 2737 44,
995 2692 1037 2737 43
1060 2691 1118 2727 24.
1140 2689 1249 2737 36„l
1264 2696 1422 2736 semine.
