1890 3190
914 249 979 299 19

256 422 337 464 sibi
371 416 576 460 invidiam>
593 414 734 467 quaeri
750 412 826 467 ‚·*)
864 417 908 453 et
936 413 1130 467 Sigonius
1145 442 1158 463 ‚
1189 412 1353 465 quiem
1383 412 1628 455 Gebhardus

257 486 484 534 consentit,
506 484 731 536 quaerendi
749 483 920 522 verbum
942 483 1045 522 dicit
1072 483 1170 522 huic
1199 482 1295 522 loco
1326 495 1378 522 eo
1398 495 1630 523 accommo-

257 559 389 600 datius
421 568 518 594 esse
549 553 659 605 quod
688 552 1118 606 genus-ignominiae,
1148 565 1228 605 qua
1255 553 1386 592 notati
1416 553 1500 592 sint
1527 554 1631 593 Can-

258 638 412 669 nenses
441 624 595 665 milites
612 654 624 674 ‚
661 636 809 663 novum
843 635 979 675 neque
1012 635 1204 675 umquam
1238 625 1359 662 antes
1392 628 1631 677 usurpatum

255 697 322 738 sit.
352 694 587 736 Dietionem
606 706 745 733 veram
775 695 819 733 et
837 693 988 732 bonam
1008 704 1105 740 esse
1127 692 1321 744 equidem
1349 705 1432 732 non
1462 706 1631 746 negem5

254 765 331 806 sed
360 764 459 804 inde
487 776 572 803 non
601 762 789 815 sequitur
816 761 858 802 h.
874 761 903 802 1.
933 774 1072 801 veram
1100 773 1212 801 esse.
1226 760 1289 815 **)

310 833 470 887 Sigonii
508 834 645 872 ntem
681 831 929 871 sententiam
964 831 1002 870 si
1035 843 1174 870 veram
1211 831 1454 881 habeamus,
1484 834 1630 885 procul

252 903 378 944 dubio
407 901 480 942 illa
497 913 738 955 pronomen
765 899 982 954 praeferre
1012 899 1249 940 debeamus,
1287 899 1392 941 Nam
1419 900 1504 942 alla
1533 915 1627 956 pro-

252 973 418 1013 nomine
429 972 572 1025 posito
597 971 767 1011 milites
785 970 829 1010 in
857 959 1093 1010 universum
1121 982 1205 1009 non
1228 970 1362 1022 puniti
1390 972 1444 1011 ob
1467 972 1628 1012 cladem

252 1045 464 1095 acceptam
495 1040 687 1080 dicuntur
716 1051 842 1088 esse3
879 1042 1017 1078 utrum
1051 1041 1189 1078 tamen
1225 1038 1304 1078 hac
1334 1052 1386 1079 an
1415 1040 1486 1080 illa
1516 1041 1629 1094 igno-

251 1111 377 1151 minia
406 1124 489 1151 non
520 1111 603 1158 sint
640 1109 796 1149 adfecti
831 1121 915 1149 non
952 1109 1198 1149 ostenditur.
1257 1109 1342 1149 Sed
1377 1110 1519 1159 miles,
1559 1112 1629 1163 qui

251 1181 305 1220 (le
335 1193 438 1220 nova
467 1193 546 1219 nec
579 1191 772 1231 umquam
809 1181 930 1218 antea
966 1183 1168 1231 usurpata-
1199 1179 1423 1230 ignominia
1461 1181 1627 1232 cogitat,

251 1249 406 1302 (itaque
445 1249 498 1288 de
539 1262 589 1288 ea
625 1261 729 1301 quse
764 1247 809 1287 in
845 1247 1086 1287 Cannenses
1131 1247 1284 1287 milites
1323 1252 1390 1288 est
1425 1250 1627 1302 quaesita)

249 1332 333 1358 non
362 1318 487 1358 facile
517 1319 660 1357 dicere
689 1320 832 1370 potest
858 1316 955 1372 qlla.
1013 1316 1190 1357 Militem
1221 1321 1357 1357 autem
1385 1318 1439 1358 de
1468 1319 1627 1372 relega-

248 1388 375 1428 tionis
404 1400 541 1441 poena
569 1388 695 1427 verba
721 1386 864 1426 facere
894 1386 988 1426 luce
1019 1386 1169 1426 clarius
1193 1399 1298 1427 esse
1314 1387 1442 1428 debet
1471 1388 1524 1442 ei,
1555 1390 1625 1441 qui

249 1457 408 1509 Sigonii
439 1457 686 1495 sententiam
714 1456 875 1508 probat.
919 1455 1001 1494 Illa
1032 1459 1167 1494 autem
1195 1456 1304 1494 bene
1333 1457 1523 1496 adhiberi
1553 1471 1626 1509 po-

247 1525 327 1565 tuit
362 1525 523 1564 ratione
559 1524 829 1577 relegationis
866 1537 1029 1577 poenae
1068 1524 1208 1563 habits
1224 1554 1236 1573 ‚
1283 1537 1387 1576 quse
1426 1526 1625 1566 orationis

246 1595 365 1634 initio
402 1591 491 1648 (ἓξ.
521 1591 561 1634 2.
592 1582 1018 1647 &immemorata
1056 1597 1149 1642 est,
1197 1597 1242 1633 et
1282 1593 1353 1633 illa
1395 1607 1625 1647 pronomen

246 1663 563 1716 praeferendum
592 1663 658 1702 vel
688 1664 738 1702 iis
765 1663 922 1716 legenti
952 1666 1030 1703 est.
1060 1663 1239 1703 Militem
1268 1663 1447 1716 denique
1482 1665 1537 1704 de
1575 1678 1626 1705 ea

246 1732 469 1786 ignominia
495 1733 620 1772 verba
639 1732 794 1782 facere,
825 1745 928 1785 quse
958 1733 1001 1772 in
1019 1732 1260 1772 Cannenses
1290 1732 1443 1773 milites
1475 1738 1626 1774 statuta

247 1802 314 1851 sit,
329 1801 412 1854 W)
443 1814 493 1841 ex
523 1814 573 1841 eo
597 1805 769 1854 apparet
798 1802 920 1854 quod,
950 1802 1021 1841 ubi
1051 1801 1103 1841 ad
1123 1801 1275 1841 Alliam
1297 1814 1433 1855 prope
1457 1816 1621 1843 omnem

247 1871 472 1911 exercitum
500 1871 659 1923 fugisse
690 1874 733 1910 et
762 1871 813 1910 ad
841 1871 1042 1910 Furculas
1073 1871 1276 1910 Caudinas
1319 1884 1372 1910 ne
1408 1877 1625 1924 expertum

207 1958 209 1961 ·
247 1940 412 1993 quidem
436 1943 644 1980 certamen
666 1940 778 1980 hosti
802 1953 912 1980 arma
933 1940 1156 1980 tradidisse
1173 1940 1297 1992 dixit,
1319 1943 1458 1995 pergit
1479 1942 1624 1982 urbem

245 2010 471 2049 Romanam
499 2024 578 2062 per
608 2023 702 2049 eum
732 2010 970 2057 exercitum,
1002 2010 1072 2061 qui
1101 2011 1151 2049 ab
1181 2011 1289 2050 Allia
1325 2011 1454 2051 Veios
1491 2016 1622 2050 trans-

245 2078 418 2132 fugerit,
457 2079 731 2133 reciperatam
768 2082 812 2118 et
840 2091 864 2118 a
893 2078 1089 2119 Caudinis
1119 2079 1353 2133 legionibus
1384 2093 1476 2121 cum
1498 2081 1622 2121 armis

246 2150 286 2188 in
319 2149 526 2188 Samnium
564 2150 752 2188 remissis
790 2149 980 2188 eumdem
1017 2149 1132 2189 illum
1168 2151 1333 2190 hostem
1370 2152 1447 2191 sub
1483 2152 1623 2204 iugum

298 2299 333 2335 *)
358 2299 435 2329 Liv.
459 2298 520 2330 IV.
544 2296 606 2341 44,
630 2294 664 2330 9.

278 2355 335 2394 ”J
358 2354 478 2393 Neque
501 2356 627 2387 desunt
649 2356 803 2397 exempla
831 2364 921 2398 quas
958 2355 1141 2394 quaerendi
1179 2358 1322 2388 verbum
1362 2366 1439 2389 cum
1463 2355 1499 2390 in
1521 2366 1622 2398 prae-

358 2414 526 2455 positione
565 2414 728 2457 coniungi
757 2414 998 2447 demonstrant.
1036 2414 1080 2447 cf.
1111 2414 1212 2448 ovid.
1241 2415 1378 2449 Metam.
1406 2415 1501 2449 xm.
1533 2413 1622 2449 153:

358 2481 458 2513 „nec
488 2472 668 2514 sanguinis
707 2473 807 2515 ordo,
840 2474 903 2503 sed
931 2473 1068 2503 virtutis
1098 2473 1206 2503 honos
1236 2474 1354 2513 spoliis
1385 2478 1566 2512 quaeratur
1588 2475 1623 2505 in

358 2529 468 2561 istis.'’
507 2529 561 2562 Cf.
584 2529 618 2561 J.
642 2529 698 2561 Fr.
722 2527 872 2561 Gronov·
897 2530 941 2561 ad
970 2529 1049 2561 Liv.
1080 2529 1193 2562 XXV.
1217 2526 1280 2574 38,
1312 2526 1375 2574 18,
1406 2531 1463 2563 ubi
1494 2531 1621 2563 adfert:

359 2609 383 2629 „
399 2587 434 2618 in
458 2591 560 2627 ponto
584 2596 747 2626 quaerere
764 2588 938 2628 pontum.”

262 2643 331 2682 ***J
357 2644 384 2675 1.
409 2653 439 2676 e.
471 2645 514 2676 de
537 2645 745 2687 relegatione
784 2654 851 2685 qus
882 2654 949 2685 quo
980 2645 1092 2677 minus
1124 2653 1200 2677 cum
1232 2646 1331 2679 hoste
1354 2655 1508 2690 pugnare
1539 2655 1620 2687 pos-

360 2706 437 2735 sent
460 2702 738 2744 impediebantur.
