1890 3190
858 193 941 264 59.

256 398 260 402 -
282 372 475 427 Sed-iam
504 371 650 424 ‚aliquis
672 394 678 397 >v
686 368 863 411 forsitan
894 368 1129 423 reservandi
1157 369 1328 411 verbum
1361 370 1459 411 huic
1495 372 1590 413 loeo

225 455 308 482 non
343 443 482 495 aptum
518 453 614 482 esse
652 442 833 480 autumet
869 438 1059 491 dicatque
1093 438 1282 480 servandi
1314 439 1482 481 verbum
1517 453 1591 494 po-

224 510 417 551 nendum.
458 510 514 550 Et
540 510 618 550 hac
647 510 691 550 in
713 508 908 563 opinione
933 507 1174 564 cumfuisse
1194 508 1408 549 videantur
1426 510 1590 563 priores

224 580 423 629 editores,
451 581 703 620 sei-vorentur
731 578 1015 619 exhibuerunt.
1073 577 1172 619 Mea
1208 581 1343 618 autem
1373 580 1589 628 sententia,

224 662 464 702 quamquam
490 652 742 689 servarentur
777 647 944 688 minime
979 649 1120 701 aptum
1155 659 1252 690 esse
1287 659 1416 704 nego,
1453 652 1589 689 tamen

225 719 350 759 etiam
376 711 671 759 mer-'narentur
697 717 873 770 probum
910 720 987 756 est.
1041 754 1043 756 ,

279 783 668 830 Reseroandi‘enim
695 786 822 826 verbo
849 784 1080 838 respondet
1112 785 1330 825 vernacula
1357 798 1435 825 vox
1472 786 1590 839 „aust

223 856 401 910 {patemu
429 855 673 909 prospicere
701 868 755 896 ne
786 868 864 908 qua
890 867 960 895 res
981 853 1158 901 intereat
1177 857 1221 894 et
1240 867 1383 895 curare
1402 859 1449 895 ut
1468 848 1592 898 etiam

224 926 305 964 alio
334 929 524 977 tempore
552 925 645 964 usui
675 937 771 964 esse
799 924 947 976 possit.
1006 923 1067 962 lta
1095 923 1183 963 Cic.
1214 924 1337 976 epist.
1375 921 1426 963 a‘d
1462 925 1590 966 famil.

223 994 293 1035 XI.
322 991 414 1034 21.:
444 994 679 1044 disturbavi,
708 993 854 1046 inquit,
882 1005 972 1033 rem
999 995 1209 1046 totamque
1237 992 1353 1034 vobis
1389 993 1591 1048 integram

224 1063 466 1103 reservavi.”
522 1063 608 1102 Liv.
643 1061 771 1102 XXV.
809 1058 850 1111 6,
884 1059 980 1105 ,l4.=
1025 1055 1129 1103 cum⁴
1153 1062 1322 1118 cafivis
1359 1063 1590 1116 redemptio

222 1134 458 1187 negabatur,
489 1146 565 1173 nos
595 1131 715 1185 vulgo
735 1130 924 1173 homiues
944 1130 1163 1173 laudabant
1189 1131 1299 1184 quod
1317 1132 1381 1172 rei
1400 1132 1591 1186 publicae

222 1214 672 1242 nos-reservassemus.
731 1201 846 1241 ovid.
877 1200 1154 1253 Metamorph.
1192 1200 1299 1242 xm.
1339 1199 1458 1243 168.:
1495 1207 1590 1243 uate

223 1272 313 1321 dea,
344 1272 440 1321 dixi,
470 1272 545 1311 tibi
575 1284 621 1310 se
650 1271 834 1325 peritura
861 1274 1075 1310 reservant
1107 1269 1318 1323 Pergama.
1326 1270 1366 1323 *)

279 1340 486 1380 Ser-vando
514 1343 650 1380 autem
678 1339 907 1392 respondet
936 1351 1117 1392 german.
1147 1337 1427 1392 ''bmabrenf‘
1441 1354 1590 1394 tneque

223 1423 392 1462 semper
419 1410 546 1449 futuri
574 1422 674 1449 usus
696 1409 1013 1450 ratio-habetur.
1071 1408 1242 1449 Servare
1261 1410 1426 1462 ubique,
1449 1411 1591 1461 credo,

221 1491 299 1532 pro
328 1492 542 1527 reservare,
575 1478 651 1517 sed
680 1490 763 1517 non
790 1478 944 1530 ubique
978 1491 1181 1517 reservare
1214 1491 1292 1530 pro
1320 1493 1480 1518 sev-vare
1508 1480 1591 1519 dici

222 1552 375 1600 potest.
407 1547 461 1586 cf.
491 1547 605 1599 Virg.
642 1547 745 1587 Aen.
783 1547 814 1587 Ι.
852 1544 973 1587 207.ε
1010 1546 1154 1587 durate
1191 1551 1235 1587 et
1270 1548 1395 1589 rebus
1433 1556 1593 1590 vosmet

223 1619 383 1656 servate
415 1616 630 1665 secundis;
660 1615 747 1656 Liv.
777 1615 846 1656 ΙΙΙ.
884 1612 955 1665 40,
991 1612 1055 1656 8.:
1092 1628 1185 1656 cum
1220 1629 1271 1656 ex
1306 1617 1590 1660 consularibus

222 1686 274 1725 ad
301 1686 487 1726 ultimum
517 1687 683 1726 dicendi
712 1686 850 1726 locum
886 1685 1077 1726 consulto
1114 1689 1297 1727 servatus
1334 1688 1483 1738 esset,”
1520 1690 1590 1730 ubi

223 1768 352 1807 aeque
381 1757 497 1794 recte
527 1755 678 1794 habeat
705 1755 939 1795 reservandi
963 1755 1145 1794 verbum.

278 1823 381 1862 Cum
419 1824 562 1875 igitur,
610 1824 720 1875 quod
765 1824 1037 1876 significatum
1081 1824 1245 1873 attinet,
1267 1836 1365 1863 -non
1403 1839 1591 1878 magnum

221 1893 333 1933 inter
374 1896 591 1945 utrumque
625 1893 795 1933 verbum
819 1893 1059 1933 'discrimen
1101 1892 1353 1945 intercedat,
1389 1908 1592 1937 reservare

221 1963 263 2001 h.
293 1962 321 2001 l.
352 1966 447 2015 apte
478 1962 561 2001 dici
596 1975 723 2015 posse
754 1963 952 2002 videmus.
1010 1962 1114 2001 Nam
1150 1967 1418 2015 posteaquam
1454 1965 1592 2005 hostia

221 2031 429 2071 immolata
457 2034 536 2080 est,
567 2035 660 2071 exta
688 2032 885 2072 intentius
916 2031 1078 2084 (futuro
1108 2032 1225 2085 usui)
1255 2037 1518 2074 reservantur
1545 2039 1592 2075 ut

221 2101 466 2154 haruspices
496 2105 632 2142 utrum
659 2103 768 2142 bona
797 2102 881 2142 sint
909 2115 960 2141 an
989 2102 1125 2142 tristia
1152 2102 1329 2143 videant.

277 2170 417 2222 Itaque
448 2181 540 2210 cum
570 2170 714 2224 optimi
743 2171 912 2211 codices
943 2174 1055 2211 stent
1081 2183 1158 2225 pro
1184 2172 1388 2225 scriptura
1406 2178 1504 2213 exta
1530 2188 1592 2214 re-

221 2244 493 2290 servarentur,
530 2253 614 2280 non
643 2233 785 2281 dubito
816 2240 913 2294 quin
939 2243 1057 2281 recte
1084 2241 1303 2296 recipiam,
1341 2254 1485 2284 omues
1521 2243 1592 2284 ali-

314 2383 367 2411 est
389 2379 424 2410 in
449 2379 522 2411 cod.
546 2379 618 2411 Pal.
641 2375 675 2422 2,
699 2380 757 2411 ubi
780 2388 840 2421 pro
871 2377 1027 2412 &metm
1057 2384 1227 2413 exaratum
1256 2385 1326 2413 cst:
1357 2378 1393 2413 ίσι
1421 2379 1590 2420 κωπίω.

312 2436 499 2473 Ὑίᾱοιιιπε,
520 2437 625 2480 igitur
659 2438 752 2472 haud
791 2447 866 2472 raro
902 2447 1076 2479 perperam
1109 2439 1237 2477 litteras
1274 2439 1387 2472 iteruri
1426 2439 1462 2471 in
1494 2441 1591 2474 codd.

314 2494 413 2536 Quod
437 2494 467 2526 si
491 2495 555 2526 hoc
579 2502 713 2535 qnoque
735 2495 810 2527 loco
834 2496 960 2543 factum
983 2499 1182 2540 statuamus,
1200 2505 1308 2529 meam
1327 2505 1427 2536 quam
1442 2506 1590 2538 propono

315 2553 514 2594 scripturam
536 2560 652 2586 veram
681 2553 878 2594 habeamus.

245 2610 281 2648 ⁴¹)
306 2610 405 2641 Unde
434 2611 571 2651 saepius
601 2611 757 2642 invenies
789 2612 971 2645 dictiones:
1001 2611 1038 2645 in
1069 2611 1164 2646 alata
1196 2617 1320 2651 temnus
1342 2622 1524 2656 reamque,
1555 2613 1591 2647 ἰιι

313 2664 462 2706 pericula
483 2676 667 2713 reservare,
687 2666 784 2704 «uas.
