1890 3190
926 226 991 276 18

267 391 438 433 defendi
457 390 606 444 possit,
625 390 888 431 retinendum
908 393 990 430 est.
1011 390 1068 430 Et
1087 393 1232 431 nostro
1253 391 1349 440 loco
1368 392 1477 434 bene
1492 392 1649 433 habere

266 461 340 501 illa
369 460 612 500 videbimus.

324 529 375 569 In
411 530 468 570 eis
504 540 648 570 venum
676 528 778 574 mhi
806 528 973 570 videtur
999 541 1097 571 esse
1128 541 1180 570 ex
1216 529 1408 572 codicum
1444 531 1648 584 vestigiis.

267 599 524 652 Scripturam
544 598 656 639 enim
675 598 947 652 plurimorum
966 599 1159 640 codicum
1188 600 1293 640 inter
1310 622 1370 631 —-
1389 602 1466 641 iter
1484 600 1648 646 facilius

265 670 457 723 potuisse
496 669 597 709 oriri
634 682 687 708 ex
722 669 861 709 verbis
900 670 943 708 in
979 670 1047 719 eis,
1072 682 1191 722 quam
1229 683 1280 709 ex
1314 672 1561 723 pronomine
1598 673 1651 711 iis

266 739 473 779 existimo.
531 738 597 778 Ex
625 738 801 778 ablativo
831 743 981 788 autem,
1012 739 1082 790 qui
1112 739 1165 778 ad
1191 752 1338 779 vocem
1366 741 1445 779 iter
1473 743 1518 779 et
1545 742 1650 780 inter

265 809 310 849 in
338 808 442 849 Pali.
472 808 591 848 libris
620 808 783 861 positus
815 811 893 858 est,
923 808 1280 861 praepositionem
1308 813 1482 862 apparet
1507 809 1648 850 ablati-

265 891 358 917 vum
387 880 605 931 regentem
634 878 834 930 scriptam
863 890 887 916 a
916 876 1034 917 Livio
1063 889 1183 928 esse,
1221 890 1342 930 quam
1377 878 1488 919 haud
1523 877 1648 918 facile

265 948 387 989 aliam
402 960 539 1000 -quam
558 948 610 988 ¹in
637 942 771 988 fuisse
801 947 969 987 dixeris.
1000 946 1104 987 Cum
1123 951 1262 1003 tamen
1283 962 1334 989 ex
1360 949 1527 989 Liviana
1548 949 1648 988 scri·

265 1022 387 1070 ptura
415 1018 459 1056 'in
487 1018 546 1056 eis
574 1020 740 1056 enatum
768 1020 886 1056 esset
913 1018 1029 1066 inter,
1058 1017 1186 1056 flebat
1213 1021 1262 1057 ut
1280 1017 1478 1057 ablativus
1499 1019 1648 1057 exerci-

266 1086 370 1128 tibus
406 1089 634 1127 mutaretur
668 1086 712 1127 in
748 1089 951 1136 accusat„
987 1089 1034 1126 ut
1075 1087 1335 1140 praepositio
1374 1101 1470 1128 eum
1506 1087 1558 1127 ad
1602 1100 1657 1127 se.

265 1156 442 1196 haberet
471 1168 633 1205 casum,
664 1169 788 1208 quem
815 1156 973 1195 habere
1003 1156 1195 1196 debebat.
1253 1156 1392 1197 Etiam
1420 1157 1515 1197 cod.
1545 1156 1648 1196 HaV.

265 1225 623 1279 praepositionem
651 1225 837 1266 adfuisse
866 1225 1064 1275 ostendit,
1095 1238 1188 1265 cum
1218 1226 1374 1266 omisso
1403 1226 1649 1279 pronomine

265 1296 309 1335 in
338 1295 545 1335 exhibeat.
603 1294 793 1335 Florent.
824 1307 924 1335 sane
955 1295 1101 1344 codex,
1133 1295 1202 1346 qui
1231 1296 1267 1334 is
1295 1295 1535 1335 exercitibus
1560 1296 1587 1335 i.
1610 1309 1648 1335 e.

266 1365 317 1404 iis
353 1378 486 1403 exerc.
508 1362 549 1417 *)
586 1364 775 1417 praebet,
810 1363 1013 1417 vulgatam
1051 1364 1298 1417 scriptoram
1326 1364 1436 1404 tueri
1464 1364 1649 1414 videtur;

267 1437 311 1473 at
338 1446 409 1473 res
447 1434 570 1473 aliter
605 1433 745 1473 habet.
804 1433 986 1473 Primum
1022 1434 1133 1474 enim
1167 1446 1273 1473 unus
1310 1437 1377 1473 est
1413 1434 1545 1474 codex
1581 1434 1650 1485 qui

266 1503 303 1541 is
337 1502 527 1551 exhibet3
564 1501 717 1541 deinde
747 1514 920 1552 sensus,
958 1515 1083 1555 quem
1118 1502 1229 1542 infra
1262 1514 1478 1555 exponam,
1515 1502 1649 1542 dativo

266 1571 408 1623 posito
438 1583 522 1611 non
552 1571 654 1611 satis
683 1570 844 1624 placet;
876 1571 1056 1623 denique
1086 1584 1168 1623 quo
1197 1571 1321 1611 modo
1353 1585 1404 1612 ex
1432 1573 1482 1611 iis
1505 1572 1593 1611 sive
1616 1573 1651 1610 is

268 1641 370 1681 oriri
398 1640 585 1693 potuerit
610 1641 716 1681 inter
742 1640 921 1694 intelligi
949 1641 1105 1693 nequit.

327 1709 516 1762 Sequens
540 1715 581 1751 et
601 1710 839 1750 coniunctio
862 1710 943 1751 etsi
964 1710 1079 1750 nullo
1094 1710 1138 1750 in
1153 1710 1300 1751 codice
1314 1710 1457 1751 inesse
1475 1710 1651 1760 videtur,

267 1782 406 1818 tamen
434 1792 532 1819 vere
561 1783 630 1820 est
655 1783 743 1820 tum
773 1780 884 1831 quod
914 1779 1105 1819 codicum
1135 1780 1367 1832 scripturae
1397 1782 1464 1828 (ea
1495 1784 1538 1818 et
1566 1783 1649 1828 eat)

267 1847 360 1888 fere
389 1848 545 1889 docent
566 1854 607 1889 et
628 1849 873 1899 obtinuisse,
896 1852 984 1889 tum
1007 1849 1117 1901 quod
1140 1849 1338 1889 orationis
1360 1848 1468 1888 ratio
1498 1848 1650 1900 duplex

268 1922 310 1957 et
337 1930 471 1970 paene
502 1917 749 1971 expostulat.
1180 1961 1181 1964 Ἴ

324 1987 415 2027 Jam
451 2000 550 2027 vero
587 1987 790 2040 vulgatam
834 1986 1081 2040 scripturam
1124 1987 1309 2027 editores
1352 1987 1411 2026 ita
1460 1986 1651 2027 videntur

268 2056 520 2105 defendere,
550 2059 596 2096 ut
624 2056 799 2096 militem
829 2056 898 2108 qui
926 2056 996 2096 hic
1025 2056 1217 2109 loquatur
1246 2055 1389 2096 dicere
1419 2055 1650 2105 adfirment,
1719 2079 1721 2082 <

269 2138 318 2167 se
349 2139 531 2178 suosque
562 2126 730 2167 sodales
760 2126 812 2166 ad
843 2126 1004 2166 Cannas
1028 2126 1173 2179 pulsos
1197 2126 1403 2168 immerita
1426 2125 1651 2178 ignominia

269 2208 367 2235 esse
397 2195 602 2245 adfectos,
631 2196 881 2249 praesertim
911 2209 1004 2235 cum
1033 2209 1086 2235 ne
1104 2195 1388 2247 aliis'quidem
1405 2194 1505 2234 alias
1529 2194 1649 2234 victis

269 2265 519 2305 exercitibus
548 2265 635 2304 ulla
662 2264 887 2318 ignominia
917 2265 973 2304 sit
1010 2265 1217 2316 quaesitas
1461 2252 1463 2254 ‚

325 2334 562 2373 Dictionem
585 2335 841 2387 iynominiam
864 2333 989 2373 alicui
1007 2346 1199 2387 quaerere
1221 2333 1476 2385 interpretes
1505 2331 1649 2370 defen-

269 2402 372 2444 dunt
391 2402 484 2444 aliis
501 2406 545 2444 et
568 2402 786 2454 similibus,
809 2402 944 2444 velut:
968 2405 1131 2444 mortuo
1148 2402 1333 2443 honores
1356 2398 1649 2454 quaerere'ffl‘),

322 2576 359 2616 ³³)
384 2576 420 2608 1⁸
444 2576 593 2609 Florent.
618 2564 723 2617 saepe
745 2586 806 2618 pro
830 2573 872 2608 iis
896 2577 1018 2621 habet,
1042 2576 1141 2610 cuius
1164 2575 1215 2609 rei
1239 2575 1429 2618 exemplum
1451 2574 1534 2609 vide
1558 2575 1649 2616 apud

382 2634 581 2665 Alschefsk.
606 2634 650 2665 ad
673 2634 751 2667 LiV.
775 2634 836 2667 IV.
861 2630 916 2667 16.

299 2691 355 2731 **)
381 2690 452 2726 cic.
476 2692 564 2725 Phil.
588 2691 650 2725 IX.
675 2688 707 2724 1.
