1890 3190
916 225 988 275 213

252 397 309 432 et
336 377 739 440 maximamzpartem
749 388 1233 439 incendio-‘consumptae
1261 387 1431 427 faciunt:
1443 391 1489 427 ut
1498 388 1641 430 ‘miuus

265 464 386 501 notae
425 458 643 509 claraeque
682 458 765 496 sint
800 470 885 497 res.
944 456 1110 498 Etenim
1149 457 1186 496 si
1223 456 1388 497 litterae
1420 456 1518 509 igni
1560 470 1643 497 non

265 531 551 567 concrematae
581 538 751 578 magnae
781 529 826 564 et
854 525 1051 577 copiosae
1079 525 1272 573 fuissent,
1293 527 1417 565 rebus
1450 526 1642 565 obscuris

255 598 457 648 ‘exoptata
486 594 641 634 adferri
670 594 739 633 lux
768 594 988 647 potuisset.
1027 594 1162 648 Quare
1192 593 1306 632 nullo
1325 593 1460 633 ·modo
1487 607 1644 646 parvae

193 724 199 729 ᾗ
265 664 399 704 omitti
428 664 569 704 debet.

322 733 400 773 His
432 729 592 773 duobus
621 731 742 781 locis,
760 732 906 784 quibus
937 744 1020 771 non
1039 744 1195 784 paucos
1227 732 1330 771 alios
1359 731 1516 789 addere
1537 744 1643 784 spos-

266 816 367 852 sem,
401 803 625 842 ostendere
653 802 764 841 volui
794 802 844 841 ab
858 800 1128 841 Alschefskio
1157 802 1339 841 nondum
1369 802 1506 841 omnia
1533 801 1645 841 facta

267 885 377 911 csse.
408 872 496 911 Jam
526 871 578 910 ad
607 871 686 910 alia
714 866 897 923 pergam.

321 941 378 980 Et
405 940 581 992 primum
613 940 778 991 quidem
807 940 942 978 dicam
972 939 1031 988 de,
1054 938 1141 978 Liv.
1171 939 1264 979 libr.
1294 938 1441 978 XXIII.
1460 936 1501 978 9.
1532 936 1569 992 §.
1587 936 1644 987 8.,

264 1010 335 1049 ubi
364 1009 579 1061 vulgatam,
610 1009 734 1048 etiam
764 1008 993 1048 aBekkero
1025 1012 1226 1047 servatam
1264 1008 1541 1060 scripturam:
1570 1007 1646 1048 -de-

265 1080 410 1117 terreri
435 1077 502 1117 Ιιίι·
529 1080 615 1117 sine
644 1083 684 1117 te
705 1079 865 1130 potius,
895 1091 1013 1131 quam
1043 1075 1126 1117 illic
1153 1074 1261 1116 vinca·
1287 1077 1435 1116 falsam
1464 1090 1562 1117 esse
1588 1077 1646 1116 af-

264 1148 398 1188 firmo.
437 1147 548 1188 Vera
578 1147 668 1187 sine
699 1147 824 1186 dubio
852 1151 951 1187 estz
979 1145 1053 1186 sed
1078 1145 1145 1186 laeic
1174 1151 1213 1186 te
1242 1146 1436 1187 deterreri
1461 1148 1547 1186 sine
1566 1160 1646 1200 'po-

266 1219 362 1264 tias,
401 1231 517 1271 qnam
556 1217 639 1256 illie
665 1218 783 1256 vinci.

325 1286 550 1325 Gebhardo
581 1286 689 1325 enim
721 1290 830 1325 teste
850 1285 935 1325 Pal.
957 1283 1020 1335 2.,
1050 1285 1340 1325 Palatinarum·
1358 1299 1450 1325 mea
1480 1289 1646 1325 senten-

266 1357 324 1395 tia
354 1356 553 1408 optimuS,
584 1357 785 1408 praebet:
822 1356 895 1395 sed
921 1355 988 1395 Ιιὶι·
1017 1360 1057 1395 te
1085 1355 1279 1395 deterreri
1303 1357 1389 1394 siue
1418 1344 1535 1409 quani
1566 1360 1646 1394 cet.

268 1426 424 1464 omisso
448 1427 588 1478 potius
615 1425 824 1464 adverbio.
846 1425 1052 1464 Drakenb.
1073 1424 1260 1464 Florent.
1280 1428 1458 1464 testatur
1470 1425 1647 1464 habere:

266 1495 339 1534 sed
365 1494 431 1534 lu‘e
460 1500 500 1535 te
529 1495 724 1534 deterreri
748 1496 835 1534 sine
856 1496 997 1549 potius
1024 1508 1143 1549 quam
1173 1498 1254 1535 cet.
1293 1494 1447 1535 Omnes
1479 1494 1550 1534 alii
1579 1507 1648 1534 co-

268 1565 385 1603 dices
405 1564 478 1603 sed
506 1564 839 1603 coniunctionem
869 1564 1081 1613 omittunt,
1105 1565 1245 1617 potins
1274 1564 1513 1603 adverbium
1530 1567 1648 1603 tuen-

266 1638 346 1674 tur.
377 1639 418 1674 te
446 1633 624 1685 denique
652 1646 882 1686 pronomen
912 1634 1031 1673 abest
1060 1646 1084 1672 a
1113 1632 1237 1674 Voss.
1276 1633 1467 1673 cantabr.
1504 1633 1645 1673 Lovel.

269 1704 447 1756 quinque
477 1702 593 1742 Harl.
623 1703 762 1742 Bcrol.
795 1702 965 1743 Gaertn.
995 1703 1097 1742 Hav.
1128 1702 1300 1742 Hearnii
1329 1702 1379 1743 N.

323 1773 413 1812 Jam
451 1772 673 1811 Gebhardo
703 1774 863 1825 potita,
904 1773 1014 1824 quod
1051 1773 1241 1824 plerique
1278 1786 1421 1812 omnes
1467 1776 1648 1821 tuentur,

267 1842 387 1882 unius
416 1842 590 1881 Palatini
604 1839 647 1881 2.
678 1842 922 1881 auctoritate
948 1842 1140 1881 omittere
1157 1842 1313 1881 volenti
1337 1842 1548 1881 adsentari
1565 1854 1648 1881 non

268 1925 452 1964 possum.
512 1911 615 1950 Nam
646 1924 888 1962 quamquam
918 1924 1046 1963 saepe
1077 1924 1247 1950 numero
1271 1913 1412 1964 potius
1441 1912 1550 1964 apud
1578 1911 1645 1950 Li-

268 1981 376 2020 vium
408 1980 540 2019 omitti
569 1994 711 2019 verum
742 1979 882 2032 est,*)
912 1985 1070 2030 tamen,
1103 1994 1195 2020 cum
1225 1981 1363 2020 multis
1395 1994 1558 2032 quoque
1587 1980 1647 2020 lo-

271 2050 333 2089 cis
364 2050 614 2099 retineatur,
645 2063 844 2102 nusquam
880 2050 951 2090 ubi
980 2050 1147 2103 plurimi
1175 2050 1366 2102 interque
1397 2063 1471 2089 eos
1503 2050 1648 2103 optimi

271 2120 391 2159 codd.
422 2120 576 2159 habent
599 2121 737 2174 potius
766 2120 893 2160 debet
922 2120 1154 2161 omitti.··Et
1181 2124 1325 2160 nostro
1357 2120 1522 2173 quidem
1552 2119 1647 2159 loco

270 2189 512 2230 servandum
545 2193 622 2230 est.
799 2174 802 2180 ¹

322 2259 518 2310 Quamvis
548 2264 588 2298 te
616 2273 867 2312 pronomen,
907 2260 1017 2312 quod
1053 2273 1077 2299 a
1106 2260 1245 2299 multis
1276 2259 1398 2300 codd.
1430 2260 1657 2308 omittitur„

269 2329 394 2369 facile
423 2329 560 2385 possit
589 2329 796 2381 suppleri,
834 2330 1081 2383 praesertim
1121 2343 1213 2369 cum
1241 2329 1380 2368 Livius
1410 2329 1520 2369 haud
1548 2342 1644 2368 raro

270 2401 313 2439 in
347 2412 487 2439 accus.
526 2413 619 2439 cum
666 2400 780 2440 infin.
826 2399 1136 2440 constructione
1180 2412 1428 2452 pronomen·
1449 2412 1532 2439 non
1574 2399 1646 2438 ha-

322 2526 357 2565 *)
384 2527 437 2560 Cf.
462 2528 525 2559 loc.
551 2530 591 2564 ab
616 2528 734 2568 Lipsio
760 2528 802 2558 ad
826 2528 904 2559 Liv.
928 2528 988 2559 lv.
1013 2523 1077 2569 33,
1102 2524 1135 2559 3.
1165 2528 1198 2559 J.
1223 2528 1279 2559 Fr.
1304 2526 1475 2559 Gronovio
1501 2527 1544 2558 ad
1566 2527 1644 2559 Liv-

383 2585 428 2616 V.
452 2581 515 2628 ⁸21,
541 2582 585 2616 15
610 2590 643 2616 et
666 2585 810 2617 XXVII.
835 2582 898 2628 20,
923 2581 956 2617 9.
996 2584 1176 2617 Gebhardo
1201 2587 1245 2616 ad
1276 2586 1350 2617 libr.
1375 2586 1451 2616 vn.
1475 2581 1541 2618 ⁸20.
1565 2581 1588 2615 8
1612 2589 1647 2615 et

384 2643 511 2675 xxlll.
535 2639 576 2687 9,
599 2640 633 2676 8.
655 2644 793 2676 Dukero
819 2645 861 2676 ad
885 2644 944 2677 ΙΙΙ.
968 2638 1031 2688 68,
1057 2640 1112 2677 11.
1137 2645 1307 2677 Drakenb.
1333 2645 1375 2676 ad
1399 2643 1562 2676 xxxlv.
1589 2637 1645 2685 49,

387 2697 432 2733 10
454 2702 555 2734 adlat.
