1890 3190
922 256 987 304 14

258 420 356 458 beat
369 417 410 471 ¹⁴¹)
433 423 629 471 totusque
648 419 946 459 sententiarum
967 433 1097 460 nexus
1115 420 1185 460 hic
1211 420 1363 461 doceat
1383 426 1553 473 praeter
1568 422 1642 462 ca-

258 488 352 528 lavii
369 487 499 528 filium
521 488 729 528 neminem
747 501 875 541 posse
897 488 1091 541 intelligi,
1111 492 1248 529 tamen
1264 490 1362 541 quin
1384 492 1475 530 cum
1499 490 1584 530 Pal.
1601 489 1641 532 2.

257 560 302 596 et
329 557 444 596 Flor.
473 562 591 605 recte
621 558 850 597 retineatur
878 570 962 597 non
999 558 1155 597 dubito.
1200 558 1368 599 Etenim
1395 559 1468 598 ubi
1498 560 1643 612 optimi

256 626 416 667 codicis
454 627 661 680 scriptura
698 631 841 680 potest
883 627 1083 677 retineri,
1119 628 1338 668 retinenda
1375 632 1469 679 est,
1508 633 1552 669 et
1586 630 1643 669 ita

256 696 422 748 quidem
457 701 503 735 ut
540 697 651 739 nulla
687 697 729 735 in
766 698 986 736 verborum
1016 698 1163 737 ordine
1192 699 1265 737 fiat
1293 699 1477 738 mutatio.
1539 699 1642 738 Cum

254 768 390 805 autem
429 770 468 805 te
504 767 547 805 in
576 766 690 806 Flor.
723 770 766 805 et
794 766 880 806 Pal.
912 764 952 806 2.
984 769 1080 805 ante
1118 766 1314 807 deterreri
1348 767 1532 820 positum
1571 768 1640 817 sit,

252 835 296 874 in
325 835 431 874 Livii
462 848 625 888 quoque
654 835 793 875 verbis
824 835 940 875 illum
971 836 1110 875 locum
1139 839 1293 876 teneat.

309 904 399 944 Jam
428 918 527 944 vero
559 906 639 945 etsi
669 905 839 957 plurimi
870 906 1040 944 codices
1076 905 1150 945 sed
1183 906 1427 958 particulam
1456 919 1540 945 non
1569 906 1639 945 ha-

251 975 371 1023 bent,
411 979 548 1014 tamen
586 979 630 1015 et
663 978 840 1028 propter
876 975 980 1014 duos
1011 975 1107 1014 illos
1144 975 1275 1014 libros
1314 988 1414 1015 mss.
1446 988 1566 1015 servo
1598 980 1641 1014 et

252 1049 478 1096 propterea
508 1045 618 1096 quod
650 1058 798 1084 sensus
829 1045 991 1084 ratione
1021 1046 1162 1085 habita
1199 1045 1324 1084 facile
1360 1045 1468 1085 fero.
1529 1046 1641 1085 Dicit

252 1114 363 1154 enim
398 1118 519 1167 pater
556 1127 579 1154 a
622 1114 710 1154 filio
749 1114 1024 1154 Hannibalem
1067 1127 1146 1167 per
1195 1124 1313 1154 suum
1356 1115 1639 1154 tantummodo

251 1188 398 1236 pectus
417 1198 545 1236 posse
563 1185 753 1236 transfigi
774 1189 978 1236 negatque
994 1184 1123 1224 filium
1144 1184 1273 1236 patris
1296 1189 1472 1223 mortem
1487 1189 1638 1236 sponte

251 1265 348 1292 esse
369 1253 652 1292 adducturum.
712 1245 802 1292 Jam
833 1253 1019 1292 Calavius
1050 1257 1321 1305 posteaquam
1349 1254 1494 1291 verba:
1525 1254 1642 1306 atqui

244 1337 325 1377 per
355 1337 484 1382 ‘meacm
513 1327 659 1376 pectus
686 1346 744 1352 ——-
774 1322 1141 1377 trarzsfiyettdztsqzce
1178 1327 1237 1363 est
1274 1322 1426 1371 emisit,
1456 1335 1636 1376 pergere

250 1393 406 1444 potuitt
452 1394 588 1446 itaque
628 1392 695 1431 lu'c
736 1394 823 1431 sine
866 1398 905 1431 te
949 1392 1146 1431 deterreri
1189 1396 1293 1441 cet.,
1331 1397 1379 1432 ut
1415 1394 1636 1432 verborum

251 1462 376 1501 etiam
413 1462 724 1501 constructione
760 1462 865 1501 haec
904 1462 1023 1513 sequi
1062 1462 1306 1501 ostenderet
1352 1475 1403 1501 ex
1439 1461 1489 1501 iis
1531 1475 1635 1513 quae

251 1535 345 1569 ante
376 1531 548 1570 dixerat.
580 1531 634 1570 At
664 1535 871 1569 commoto
902 1535 948 1569 ut
978 1534 1044 1569 est
1074 1532 1223 1579 animo,
1255 1543 1337 1569 non
1363 1531 1571 1577 subtilem,
1592 1536 1638 1569 ut

250 1600 308 1638 ita
332 1601 481 1649 dicam,
498 1600 601 1639 facit
630 1600 1038 1652 argumentationem,
1061 1600 1171 1651 quod
1202 1613 1356 1651 aequae
1388 1605 1454 1639 est
1484 1600 1635 1638 mentis

250 1669 456 1721 animique
485 1669 710 1721 tranquilli,
741 1670 816 1708 sed
848 1669 958 1721 quod
989 1682 1040 1707 ex
1070 1657 1413 1708 antecedentibus
1435 1669 1635 1720 sequitur,

250 1739 293 1778 id
324 1739 380 1778 ita
410 1739 626 1792 proponit,
657 1742 703 1779 ut
733 1739 784 1778 ad
814 1739 925 1778 aliud
957 1738 1055 1790 quid
1076 1738 1246 1790 gradum
1266 1738 1408 1777 facere
1438 1742 1565 1790 utque
1586 1737 1629 1777 id

251 1810 301 1848 ab
333 1809 675 1848 antecedentibus
707 1821 902 1861 separare
924 1808 1140 1856 videatur,
1173 1808 1283 1859 quod
1314 1821 1406 1846 cum
1436 1808 1489 1846 iis
1521 1812 1635 1846 arcte

251 1879 461 1917 cohaeret.
530 1879 593 1918 Eo
641 1882 777 1918 autem
814 1878 1056 1917 vividiorem
1100 1877 1228 1917 multo
1273 1877 1367 1917 fieri
1407 1877 1635 1916 orationem

250 1945 435 1999 apparet.

307 2017 516 2056 Cohaeret
546 2020 703 2065 autem,
733 2020 779 2058 ut
807 2017 890 2056 hoc
922 2015 1085 2064 addam,
1124 2016 1330 2055 sententia
1373 2016 1454 2056 hoc
1485 2015 1632 2055 modo:

243 2100 383 2138 neque
413 2086 688 2125 Hannibalem
717 2086 957 2125 interficere
986 2086 1148 2137 poteris
1180 2086 1260 2124 nisi
1290 2098 1370 2138 per
1399 2085 1529 2137 patris
1561 2098 1631 2136 pe-

247 2160 337 2195 ctus
376 2169 511 2207 neque
550 2160 710 2208 patrem
749 2155 878 2194 ferire
918 2155 1177 2203 sustinebis;
1210 2155 1287 2193 sed
1315 2155 1421 2193 haec
1453 2167 1543 2193 cum
1575 2154 1633 2193 ita

248 2226 350 2274 sint,
383 2226 472 2264 sine
503 2229 546 2264 te
578 2225 796 2264 deterreri.
857 2224 974 2263 Ilaec
1006 2224 1075 2276 qui
1104 2224 1229 2276 legit,
1268 2224 1325 2273 is,
1361 2227 1408 2263 ut
1437 2223 1632 2275 equidem

248 2296 446 2344 arbitror,
477 2308 560 2334 non
584 2294 820 2334 offendetur
848 2294 921 2334 sed
950 2293 1261 2343 coniunctione,
1293 2293 1370 2332 sed
1393 2293 1633 2345 loquentem

246 2365 340 2404 novi
371 2365 526 2416 aliquid
558 2378 783 2404 secernere
815 2364 864 2402 ab
896 2362 1238 2403 antecedentibus
1270 2362 1489 2414 intelliget.
1521 2361 1629 2401 Tan-

243 2439 330 2475 tum
360 2434 486 2487 igitur
515 2434 655 2483 abest,
684 2436 731 2473 ut
754 2432 828 2477 sed
857 2432 1192 2473 coniunctionem
1221 2434 1363 2485 putem
1390 2443 1631 2484 supervaca-

275 2609 309 2648 *)
336 2608 389 2642 Cf.
416 2604 445 2647 ἓ.
471 2604 537 2640 ll:
562 2607 762 2639 nt-—fidem
788 2608 900 2650 daret,
924 2607 1012 2638 nihil
1037 2607 1204 2638 facturum
1229 2590 1315 2650 tale,
1339 2604 1448 2638 XLII.
1473 2601 1528 2637 10.
1554 2605 1629 2637 tim:

336 2667 527 2707 „consules
552 2668 594 2697 ob
619 2675 661 2696 ea
685 2666 779 2707 irati,
805 2665 1045 2696 senatui—in
1061 2665 1268 2705 provinciam
1293 2665 1442 2695 abituros
1468 2668 1550 2711 esse.
1567 2665 1629 2694 de-

341 2724 584 2766 nunciarunt,⁷⁷
610 2723 690 2756 ibid.
715 2727 792 2764 post
815 2723 903 2755 med.
935 2745 956 2765 „
970 2731 1051 2763 prae
1076 2732 1114 2755 se
1140 2723 1254 2754 serens
1280 2721 1577 2754 intercessurum.”
