<?xml version="1.0" encoding="UTF-8"?>
<!DOCTYPE html PUBLIC "-//W3C//DTD XHTML 1.0 Transitional//EN"
    "http://www.w3.org/TR/xhtml1/DTD/xhtml1-transitional.dtd">
<html xmlns="http://www.w3.org/1999/xhtml" xml:lang="en" lang="en">
 <head>
  <title>
</title>
<meta http-equiv="Content-Type" content="text/html;charset=utf-8" />
  <meta name='ocr-system' content='tesseract 3.04.00' />
  <meta name='ocr-capabilities' content='ocr_page ocr_carea ocr_par ocr_line ocrx_word'/>
</head>
<body>
  <div class='ocr_page' id='page_1' title='image "4738014_0012.png"; bbox 0 0 1890 3190; ppageno 0'>
   <div class='ocr_carea' id='block_1_1' title="bbox 992 224 1023 275">
    <p class='ocr_par' dir='ltr' id='par_1_1' title="bbox 992 224 1023 275">
     <span class='ocr_line' id='line_1_1' title="bbox 992 224 1023 275; baseline 0 0"><span class='ocrx_word' id='word_1_1' title='bbox 992 224 1023 275; x_wconf 82' lang='lat'>2</span> 
     </span>
    </p>
   </div>
   <div class='ocr_carea' id='block_1_2' title="bbox 872 293 1145 318">
    <p class='ocr_par' dir='ltr' id='par_1_2' title="bbox 872 293 1145 318">
     <span class='ocr_line' id='line_1_2' title="bbox 872 293 1145 318; baseline 0.004 -9"><span class='ocrx_word' id='word_1_2' title='bbox 872 293 1145 318; x_wconf 51' lang='lat'><strong>——4-——</strong></span> 
     </span>
    </p>
   </div>
   <div class='ocr_carea' id='block_1_3' title="bbox 323 390 1690 2735">
    <p class='ocr_par' dir='ltr' id='par_1_3' title="bbox 325 390 1690 584">
     <span class='ocr_line' id='line_1_3' title="bbox 326 390 1690 444; baseline 0 -14"><span class='ocrx_word' id='word_1_3' title='bbox 326 395 529 444; x_wconf 72' lang='lat' dir='ltr'><strong>perpetua</strong></span> <span class='ocrx_word' id='word_1_4' title='bbox 556 390 818 431; x_wconf 86' lang='lat' dir='ltr'><strong>Livianorum</strong></span> <span class='ocrx_word' id='word_1_5' title='bbox 845 390 1050 430; x_wconf 86' lang='lat' dir='ltr'><strong>annalium</strong></span> <span class='ocrx_word' id='word_1_6' title='bbox 1078 390 1259 430; x_wconf 87' lang='lat' dir='ltr'><strong>lectione</strong></span> <span class='ocrx_word' id='word_1_7' title='bbox 1289 392 1501 444; x_wconf 78' lang='lat' dir='ltr'><strong>cognovit,</strong></span> <span class='ocrx_word' id='word_1_8' title='bbox 1530 392 1566 431; x_wconf 87' lang='lat' dir='ltr'><strong>is</strong></span> <span class='ocrx_word' id='word_1_9' title='bbox 1596 404 1690 443; x_wconf 86' lang='lat' dir='ltr'><strong>pro-</strong></span> 
     </span>
     <span class='ocr_line' id='line_1_4' title="bbox 325 457 1689 514; baseline -0.001 -14"><span class='ocrx_word' id='word_1_10' title='bbox 325 460 440 500; x_wconf 84' lang='lat' dir='ltr'><strong>fecto</strong></span> <span class='ocrx_word' id='word_1_11' title='bbox 470 472 688 512; x_wconf 82' lang='lat' dir='ltr'><strong>numquam</strong></span> <span class='ocrx_word' id='word_1_12' title='bbox 716 472 769 500; x_wconf 83' lang='lat' dir='ltr'><strong>ex</strong></span> <span class='ocrx_word' id='word_1_13' title='bbox 796 457 976 500; x_wconf 81' lang='lat' dir='ltr'><strong>Livianis</strong></span> <span class='ocrx_word' id='word_1_14' title='bbox 1006 459 1365 500; x_wconf 72' lang='lat' dir='ltr'><strong>emendationibus</strong></span> <span class='ocrx_word' id='word_1_15' title='bbox 1403 473 1588 514; x_wconf 72' lang='lat' dir='ltr'><strong>magnam</strong></span> <span class='ocrx_word' id='word_1_16' title='bbox 1625 473 1689 499; x_wconf 88' lang='lat' dir='ltr'><strong>ca-</strong></span> 
     </span>
     <span class='ocr_line' id='line_1_5' title="bbox 325 530 626 584; baseline -0.003 -13"><span class='ocrx_word' id='word_1_17' title='bbox 325 531 415 584; x_wconf 87' lang='lat' dir='ltr'><strong>piet</strong></span> <span class='ocrx_word' id='word_1_18' title='bbox 442 530 626 583; x_wconf 80' lang='lat' dir='ltr'><strong>gloriam.</strong></span> 
     </span>
    </p>

    <p class='ocr_par' dir='ltr' id='par_1_4' title="bbox 325 599 1689 791">
     <span class='ocr_line' id='line_1_6' title="bbox 382 599 1689 652; baseline -0.001 -12"><span class='ocrx_word' id='word_1_19' title='bbox 382 600 503 640; x_wconf 87' lang='lat' dir='ltr'><strong>Multi</strong></span> <span class='ocrx_word' id='word_1_20' title='bbox 533 611 696 652; x_wconf 86' lang='lat' dir='ltr'><strong>quoque</strong></span> <span class='ocrx_word' id='word_1_21' title='bbox 725 599 858 639; x_wconf 84' lang='lat' dir='ltr'><strong>adhuc</strong></span> <span class='ocrx_word' id='word_1_22' title='bbox 896 602 1067 641; x_wconf 59' lang='lat' dir='ltr'><strong>exstant</strong></span> <span class='ocrx_word' id='word_1_23' title='bbox 1091 599 1195 650; x_wconf 83' lang='lat' dir='ltr'><strong>loci,</strong></span> <span class='ocrx_word' id='word_1_24' title='bbox 1234 599 1304 639; x_wconf 90' lang='lat' dir='ltr'><strong>ubi</strong></span> <span class='ocrx_word' id='word_1_25' title='bbox 1334 612 1384 639; x_wconf 89' lang='lat' dir='ltr'><strong>ea</strong></span> <span class='ocrx_word' id='word_1_26' title='bbox 1411 601 1556 649; x_wconf 75' lang='lat' dir='ltr'><strong>verba,</strong></span> <span class='ocrx_word' id='word_1_27' title='bbox 1587 613 1689 652; x_wconf 87' lang='lat' dir='ltr'><strong>quae</strong></span> 
     </span>
     <span class='ocr_line' id='line_1_7' title="bbox 325 669 1689 722; baseline 0 -13"><span class='ocrx_word' id='word_1_28' title='bbox 325 673 496 722; x_wconf 83' lang='lat' dir='ltr'><strong>recepta</strong></span> <span class='ocrx_word' id='word_1_29' title='bbox 525 669 714 709; x_wconf 85' lang='lat' dir='ltr'><strong>codicum</strong></span> <span class='ocrx_word' id='word_1_30' title='bbox 744 670 991 722; x_wconf 88' lang='lat' dir='ltr'><strong>optim0rum</strong></span> <span class='ocrx_word' id='word_1_31' title='bbox 1017 670 1221 721; x_wconf 85' lang='lat' dir='ltr'><strong>scriptura</strong></span> <span class='ocrx_word' id='word_1_32' title='bbox 1243 670 1435 720; x_wconf 81' lang='lat' dir='ltr'>habebis,</span> <span class='ocrx_word' id='word_1_33' title='bbox 1466 683 1547 710; x_wconf 90' lang='lat' dir='ltr'><strong>non</strong></span> <span class='ocrx_word' id='word_1_34' title='bbox 1572 670 1689 710; x_wconf 88' lang='lat' dir='ltr'><strong>dubi-</strong></span> 
     </span>
     <span class='ocr_line' id='line_1_8' title="bbox 325 737 1156 791; baseline -0.001 -13"><span class='ocrx_word' id='word_1_35' title='bbox 325 743 413 779; x_wconf 89' lang='lat' dir='ltr'><strong>tare</strong></span> <span class='ocrx_word' id='word_1_36' title='bbox 441 738 601 791; x_wconf 86' lang='lat' dir='ltr'><strong>poteris</strong></span> <span class='ocrx_word' id='word_1_37' title='bbox 632 738 730 790; x_wconf 88' lang='lat' dir='ltr'><strong>quin</strong></span> <span class='ocrx_word' id='word_1_38' title='bbox 757 737 896 778; x_wconf 80' lang='lat' dir='ltr'><strong>Livius</strong></span> <span class='ocrx_word' id='word_1_39' title='bbox 927 738 1156 791; x_wconf 75' lang='lat' dir='ltr'><strong>scripserit.</strong></span> 
     </span>
    </p>

    <p class='ocr_par' dir='ltr' id='par_1_5' title="bbox 324 807 1690 1279">
     <span class='ocr_line' id='line_1_9' title="bbox 382 807 1689 860; baseline 0.001 -13"><span class='ocrx_word' id='word_1_40' title='bbox 382 807 503 859; x_wconf 80' lang='lat' dir='ltr'><strong>Quod</strong></span> <span class='ocrx_word' id='word_1_41' title='bbox 531 807 656 860; x_wconf 79' lang='lat' dir='ltr'><strong>igitur</strong></span> <span class='ocrx_word' id='word_1_42' title='bbox 685 817 778 848; x_wconf 83' lang='lat' dir='ltr'><strong>cum</strong></span> <span class='ocrx_word' id='word_1_43' title='bbox 797 807 993 857; x_wconf 79' lang='lat' dir='ltr'><strong>viderem,</strong></span> <span class='ocrx_word' id='word_1_44' title='bbox 1025 820 1099 848; x_wconf 88' lang='lat' dir='ltr'><strong>eos</strong></span> <span class='ocrx_word' id='word_1_45' title='bbox 1129 807 1388 860; x_wconf 87' lang='lat' dir='ltr'><strong>potissimum</strong></span> <span class='ocrx_word' id='word_1_46' title='bbox 1417 807 1535 848; x_wconf 87' lang='lat' dir='ltr'><strong>locos</strong></span> <span class='ocrx_word' id='word_1_47' title='bbox 1554 821 1689 848; x_wconf 89' lang='lat' dir='ltr'><strong>emen-</strong></span> 
     </span>
     <span class='ocr_line' id='line_1_10' title="bbox 325 877 1690 930; baseline 0 -13"><span class='ocrx_word' id='word_1_48' title='bbox 325 878 424 917; x_wconf 90' lang='lat' dir='ltr'><strong>dare</strong></span> <span class='ocrx_word' id='word_1_49' title='bbox 455 877 668 926; x_wconf 85' lang='lat' dir='ltr'><strong>constitui,</strong></span> <span class='ocrx_word' id='word_1_50' title='bbox 705 877 852 929; x_wconf 79' lang='lat' dir='ltr'><strong>quibus</strong></span> <span class='ocrx_word' id='word_1_51' title='bbox 883 877 1071 917; x_wconf 91' lang='lat' dir='ltr'><strong>codicum</strong></span> <span class='ocrx_word' id='word_1_52' title='bbox 1102 877 1305 930; x_wconf 81' lang='lat' dir='ltr'><strong>scriptura</strong></span> <span class='ocrx_word' id='word_1_53' title='bbox 1334 877 1690 930; x_wconf 78' lang='lat' dir='ltr'><strong>integerrimorum</strong></span> 
     </span>
     <span class='ocr_line' id='line_1_11' title="bbox 325 946 1690 1000; baseline 0 -13"><span class='ocrx_word' id='word_1_54' title='bbox 325 947 529 987; x_wconf 91' lang='lat' dir='ltr'><strong>medicina</strong></span> <span class='ocrx_word' id='word_1_55' title='bbox 557 946 714 987; x_wconf 75' lang='lat' dir='ltr'><strong>adferri</strong></span> <span class='ocrx_word' id='word_1_56' title='bbox 742 959 871 1000; x_wconf 87' lang='lat' dir='ltr'><strong>posse</strong></span> <span class='ocrx_word' id='word_1_57' title='bbox 900 946 1000 986; x_wconf 89' lang='lat' dir='ltr'><strong>mihi</strong></span> <span class='ocrx_word' id='word_1_58' title='bbox 1015 946 1241 987; x_wconf 82' lang='lat' dir='ltr'><strong>videbatur.</strong></span> <span class='ocrx_word' id='word_1_59' title='bbox 1279 946 1371 987; x_wconf 89' lang='lat' dir='ltr'><strong>Non</strong></span> <span class='ocrx_word' id='word_1_60' title='bbox 1401 947 1523 987; x_wconf 89' lang='lat' dir='ltr'><strong>nullis</strong></span> <span class='ocrx_word' id='word_1_61' title='bbox 1555 952 1690 990; x_wconf 86' lang='lat' dir='ltr'><strong>autem</strong></span> 
     </span>
     <span class='ocr_line' id='line_1_12' title="bbox 325 1016 1689 1069; baseline 0 -12"><span class='ocrx_word' id='word_1_62' title='bbox 325 1018 450 1066; x_wconf 79' lang='lat' dir='ltr'><strong>locis,</strong></span> <span class='ocrx_word' id='word_1_63' title='bbox 487 1017 558 1057; x_wconf 91' lang='lat' dir='ltr'><strong>ubi</strong></span> <span class='ocrx_word' id='word_1_64' title='bbox 595 1017 638 1056; x_wconf 89' lang='lat' dir='ltr'><strong>in</strong></span> <span class='ocrx_word' id='word_1_65' title='bbox 668 1016 858 1056; x_wconf 91' lang='lat' dir='ltr'><strong>codicum</strong></span> <span class='ocrx_word' id='word_1_66' title='bbox 888 1017 1094 1069; x_wconf 88' lang='lat' dir='ltr'><strong>scriptura</strong></span> <span class='ocrx_word' id='word_1_67' title='bbox 1122 1016 1225 1056; x_wconf 88' lang='lat' dir='ltr'><strong>nihil</strong></span> <span class='ocrx_word' id='word_1_68' title='bbox 1255 1016 1392 1056; x_wconf 75' lang='lat' dir='ltr'><strong>auxilii</strong></span> <span class='ocrx_word' id='word_1_69' title='bbox 1422 1017 1562 1056; x_wconf 85' lang='lat' dir='ltr'><strong>inesse</strong></span> <span class='ocrx_word' id='word_1_70' title='bbox 1594 1029 1689 1057; x_wconf 81' lang='lat' dir='ltr'><strong>cou-</strong></span> 
     </span>
     <span class='ocr_line' id='line_1_13' title="bbox 324 1086 1690 1139; baseline -0.001 -12"><span class='ocrx_word' id='word_1_71' title='bbox 324 1087 577 1139; x_wconf 75' lang='lat' dir='ltr'><strong>iecturisque</strong></span> <span class='ocrx_word' id='word_1_72' title='bbox 614 1099 681 1126; x_wconf 86' lang='lat' dir='ltr'><strong>me</strong></span> <span class='ocrx_word' id='word_1_73' title='bbox 707 1086 1003 1139; x_wconf 72' lang='lat' dir='ltr'><strong>supersedere</strong></span> <span class='ocrx_word' id='word_1_74' title='bbox 1046 1098 1130 1126; x_wconf 88' lang='lat' dir='ltr'><strong>non</strong></span> <span class='ocrx_word' id='word_1_75' title='bbox 1172 1098 1302 1139; x_wconf 88' lang='lat' dir='ltr'><strong>posse</strong></span> <span class='ocrx_word' id='word_1_76' title='bbox 1343 1086 1446 1135; x_wconf 76' lang='lat' dir='ltr'><strong>vidi,</strong></span> <span class='ocrx_word' id='word_1_77' title='bbox 1490 1086 1548 1126; x_wconf 90' lang='lat' dir='ltr'><strong>ita</strong></span> <span class='ocrx_word' id='word_1_78' title='bbox 1589 1086 1690 1126; x_wconf 91' lang='lat' dir='ltr'><strong>mihi</strong></span> 
     </span>
     <span class='ocr_line' id='line_1_14' title="bbox 325 1155 1690 1213; baseline -0.001 -18"><span class='ocrx_word' id='word_1_79' title='bbox 325 1156 527 1209; x_wconf 82' lang='lat' dir='ltr'><strong>agendum</strong></span> <span class='ocrx_word' id='word_1_80' title='bbox 563 1168 660 1195; x_wconf 86' lang='lat' dir='ltr'><strong>esse</strong></span> <span class='ocrx_word' id='word_1_81' title='bbox 695 1156 833 1208; x_wconf 83' lang='lat' dir='ltr'><strong>putavi</strong></span> <span class='ocrx_word' id='word_1_82' title='bbox 871 1158 919 1195; x_wconf 85' lang='lat' dir='ltr'><strong>ut</strong></span> <span class='ocrx_word' id='word_1_83' title='bbox 953 1168 1003 1195; x_wconf 78' lang='lat' dir='ltr'><strong>ex</strong></span> <span class='ocrx_word' id='word_1_84' title='bbox 1038 1158 1232 1208; x_wconf 86' lang='lat' dir='ltr'><strong>corrupta</strong></span> <span class='ocrx_word' id='word_1_85' title='bbox 1269 1155 1456 1195; x_wconf 88' lang='lat' dir='ltr'><strong>codicum</strong></span> <span class='ocrx_word' id='word_1_86' title='bbox 1486 1155 1690 1213; x_wconf 73' lang='lat' dir='ltr'><strong>scriptura</strong></span> 
     </span>
     <span class='ocr_line' id='line_1_15' title="bbox 324 1224 1587 1279; baseline -0.001 -13"><span class='ocrx_word' id='word_1_87' title='bbox 324 1239 420 1267; x_wconf 83' lang='lat' dir='ltr'><strong>vera</strong></span> <span class='ocrx_word' id='word_1_88' title='bbox 448 1224 552 1266; x_wconf 87' lang='lat' dir='ltr'><strong>Livii</strong></span> <span class='ocrx_word' id='word_1_89' title='bbox 580 1225 705 1265; x_wconf 89' lang='lat' dir='ltr'><strong>verba</strong></span> <span class='ocrx_word' id='word_1_90' title='bbox 732 1224 929 1266; x_wconf 83' lang='lat' dir='ltr'><strong>facillime</strong></span> <span class='ocrx_word' id='word_1_91' title='bbox 957 1224 1122 1266; x_wconf 87' lang='lat' dir='ltr'><strong>restitui</strong></span> <span class='ocrx_word' id='word_1_92' title='bbox 1151 1238 1278 1279; x_wconf 85' lang='lat' dir='ltr'><strong>posse</strong></span> <span class='ocrx_word' id='word_1_93' title='bbox 1309 1224 1587 1265; x_wconf 83' lang='lat' dir='ltr'><strong>ostenderem.</strong></span> 
     </span>
    </p>

    <p class='ocr_par' dir='ltr' id='par_1_6' title="bbox 324 1286 1690 1892">
     <span class='ocr_line' id='line_1_16' title="bbox 381 1286 1689 1347; baseline -0.002 -12"><span class='ocrx_word' id='word_1_94' title='bbox 381 1295 469 1335; x_wconf 84' lang='lat' dir='ltr'><strong>Jam</strong></span> <span class='ocrx_word' id='word_1_95' title='bbox 505 1295 643 1347; x_wconf 81' lang='lat' dir='ltr'><strong>possit</strong></span> <span class='ocrx_word' id='word_1_96' title='bbox 679 1290 826 1347; x_wconf 85' lang='lat' dir='ltr'><strong>aliquis</strong></span> <span class='ocrx_word' id='word_1_97' title='bbox 871 1295 1035 1344; x_wconf 75' lang='lat' dir='ltr'><strong>dicere,</strong></span> <span class='ocrx_word' id='word_1_98' title='bbox 1082 1295 1227 1347; x_wconf 88' lang='lat' dir='ltr'><strong>optimi</strong></span> <span class='ocrx_word' id='word_1_99' title='bbox 1264 1286 1431 1334; x_wconf 86' lang='lat' dir='ltr'><strong>codices</strong></span> <span class='ocrx_word' id='word_1_100' title='bbox 1471 1307 1562 1333; x_wconf 91' lang='lat' dir='ltr'><strong>cum</strong></span> <span class='ocrx_word' id='word_1_101' title='bbox 1598 1295 1689 1333; x_wconf 82' lang='lat' dir='ltr'><strong>fere</strong></span> 
     </span>
     <span class='ocr_line' id='line_1_17' title="bbox 325 1364 1690 1418; baseline -0.001 -13"><span class='ocrx_word' id='word_1_102' title='bbox 325 1378 492 1417; x_wconf 83' lang='lat' dir='ltr'><strong>semper</strong></span> <span class='ocrx_word' id='word_1_103' title='bbox 521 1364 696 1417; x_wconf 88' lang='lat' dir='ltr'><strong>optimas</strong></span> <span class='ocrx_word' id='word_1_104' title='bbox 711 1364 938 1417; x_wconf 82' lang='lat' dir='ltr'><strong>praebeant</strong></span> <span class='ocrx_word' id='word_1_105' title='bbox 967 1364 1207 1418; x_wconf 82' lang='lat' dir='ltr'><strong>scripturas,</strong></span> <span class='ocrx_word' id='word_1_106' title='bbox 1238 1378 1376 1404; x_wconf 85' lang='lat' dir='ltr'><strong>earum</strong></span> <span class='ocrx_word' id='word_1_107' title='bbox 1398 1365 1690 1417; x_wconf 85' lang='lat' dir='ltr'><strong>praestantiam</strong></span> 
     </span>
     <span class='ocr_line' id='line_1_18' title="bbox 326 1433 1687 1487; baseline -0.001 -15"><span class='ocrx_word' id='word_1_108' title='bbox 326 1434 611 1473; x_wconf 85' lang='lat' dir='ltr'><strong>demonstrare</strong></span> <span class='ocrx_word' id='word_1_109' title='bbox 632 1445 979 1487; x_wconf 77' lang='lat' dir='ltr'><strong>supervacaneum</strong></span> <span class='ocrx_word' id='word_1_110' title='bbox 1003 1446 1112 1472; x_wconf 84' lang='lat' dir='ltr'><strong>esse.</strong></span> <span class='ocrx_word' id='word_1_111' title='bbox 1144 1434 1229 1472; x_wconf 89' lang='lat' dir='ltr'><strong>Sed</strong></span> <span class='ocrx_word' id='word_1_112' title='bbox 1251 1433 1407 1472; x_wconf 89' lang='lat' dir='ltr'><strong>fallitur</strong></span> <span class='ocrx_word' id='word_1_113' title='bbox 1423 1434 1467 1471; x_wconf 90' lang='lat' dir='ltr'><strong>id</strong></span> <span class='ocrx_word' id='word_1_114' title='bbox 1491 1433 1559 1485; x_wconf 84' lang='lat' dir='ltr'><strong>qui</strong></span> <span class='ocrx_word' id='word_1_115' title='bbox 1575 1434 1687 1472; x_wconf 88' lang='lat' dir='ltr'><strong>dicit.</strong></span> 
     </span>
     <span class='ocr_line' id='line_1_19' title="bbox 324 1491 1690 1557; baseline -0.001 -14"><span class='ocrx_word' id='word_1_116' title='bbox 324 1503 429 1544; x_wconf 88' lang='lat' dir='ltr'><strong>Nam</strong></span> <span class='ocrx_word' id='word_1_117' title='bbox 456 1503 487 1543; x_wconf 88' lang='lat' dir='ltr'><strong>ii</strong></span> <span class='ocrx_word' id='word_1_118' title='bbox 517 1503 586 1556; x_wconf 86' lang='lat' dir='ltr'><strong>qui</strong></span> <span class='ocrx_word' id='word_1_119' title='bbox 616 1506 710 1543; x_wconf 87' lang='lat' dir='ltr'><strong>ante</strong></span> <span class='ocrx_word' id='word_1_120' title='bbox 745 1516 813 1543; x_wconf 90' lang='lat' dir='ltr'><strong>me</strong></span> <span class='ocrx_word' id='word_1_121' title='bbox 840 1502 956 1543; x_wconf 87' lang='lat' dir='ltr'><strong>Livio</strong></span> <span class='ocrx_word' id='word_1_122' title='bbox 987 1516 1155 1557; x_wconf 83' lang='lat' dir='ltr'><strong>operam</strong></span> <span class='ocrx_word' id='word_1_123' title='bbox 1184 1503 1381 1542; x_wconf 83' lang='lat' dir='ltr'><strong>navabant</strong></span> <span class='ocrx_word' id='word_1_124' title='bbox 1417 1502 1498 1542; x_wconf 85' lang='lat' dir='ltr'><strong>etsi</strong></span> <span class='ocrx_word' id='word_1_125' title='bbox 1532 1491 1690 1556; x_wconf 83' lang='lat' dir='ltr'><strong>pariter</strong></span> 
     </span>
     <span class='ocr_line' id='line_1_20' title="bbox 326 1573 1689 1626; baseline -0.001 -13"><span class='ocrx_word' id='word_1_126' title='bbox 326 1577 447 1626; x_wconf 86' lang='lat' dir='ltr'><strong>atque</strong></span> <span class='ocrx_word' id='word_1_127' title='bbox 478 1585 555 1626; x_wconf 78' lang='lat' dir='ltr'><strong>ego</strong></span> <span class='ocrx_word' id='word_1_128' title='bbox 586 1573 835 1626; x_wconf 85' lang='lat' dir='ltr'><strong>optimorum</strong></span> <span class='ocrx_word' id='word_1_129' title='bbox 863 1573 1062 1612; x_wconf 87' lang='lat' dir='ltr'><strong>librorum</strong></span> <span class='ocrx_word' id='word_1_130' title='bbox 1081 1574 1306 1626; x_wconf 83' lang='lat' dir='ltr'><strong>scripturas</strong></span> <span class='ocrx_word' id='word_1_131' title='bbox 1323 1576 1536 1621; x_wconf 76' lang='lat' dir='ltr'><strong>noverant,</strong></span> <span class='ocrx_word' id='word_1_132' title='bbox 1552 1577 1689 1611; x_wconf 89' lang='lat' dir='ltr'><strong>tamen</strong></span> 
     </span>
     <span class='ocr_line' id='line_1_21' title="bbox 326 1642 1689 1695; baseline -0.001 -12"><span class='ocrx_word' id='word_1_133' title='bbox 326 1643 452 1683; x_wconf 85' lang='lat' dir='ltr'><strong>malas</strong></span> <span class='ocrx_word' id='word_1_134' title='bbox 483 1655 554 1682; x_wconf 86' lang='lat' dir='ltr'><strong>eas</strong></span> <span class='ocrx_word' id='word_1_135' title='bbox 585 1643 789 1682; x_wconf 65' lang='lat' dir='ltr'><strong>essenti</strong></span> <span class='ocrx_word' id='word_1_136' title='bbox 817 1643 1087 1692; x_wconf 84' lang='lat' dir='ltr'><strong>reiiciebant3</strong></span> <span class='ocrx_word' id='word_1_137' title='bbox 1124 1656 1260 1682; x_wconf 89' lang='lat' dir='ltr'><strong>meum</strong></span> <span class='ocrx_word' id='word_1_138' title='bbox 1296 1642 1420 1695; x_wconf 76' lang='lat' dir='ltr'><strong>igitur</strong></span> <span class='ocrx_word' id='word_1_139' title='bbox 1457 1646 1523 1682; x_wconf 83' lang='lat' dir='ltr'><strong>est</strong></span> <span class='ocrx_word' id='word_1_140' title='bbox 1552 1646 1689 1682; x_wconf 86' lang='lat' dir='ltr'><strong>osten-</strong></span> 
     </span>
     <span class='ocr_line' id='line_1_22' title="bbox 326 1711 1688 1763; baseline -0.001 -12"><span class='ocrx_word' id='word_1_141' title='bbox 326 1713 428 1751; x_wconf 88' lang='lat' dir='ltr'><strong>dere</strong></span> <span class='ocrx_word' id='word_1_142' title='bbox 456 1712 552 1750; x_wconf 89' lang='lat' dir='ltr'><strong>illos</strong></span> <span class='ocrx_word' id='word_1_143' title='bbox 581 1711 691 1750; x_wconf 77' lang='lat' dir='ltr'><strong>viros</strong></span> <span class='ocrx_word' id='word_1_144' title='bbox 722 1711 869 1751; x_wconf 89' lang='lat' dir='ltr'><strong>doctos</strong></span> <span class='ocrx_word' id='word_1_145' title='bbox 900 1711 1085 1761; x_wconf 68' lang='lat' dir='ltr'><strong>errasse,</strong></span> <span class='ocrx_word' id='word_1_146' title='bbox 1116 1715 1159 1750; x_wconf 90' lang='lat' dir='ltr'><strong>et</strong></span> <span class='ocrx_word' id='word_1_147' title='bbox 1183 1712 1465 1751; x_wconf 84' lang='lat' dir='ltr'><strong>demonstrare</strong></span> <span class='ocrx_word' id='word_1_148' title='bbox 1485 1724 1559 1750; x_wconf 90' lang='lat' dir='ltr'><strong>cur</strong></span> <span class='ocrx_word' id='word_1_149' title='bbox 1572 1724 1688 1763; x_wconf 86' lang='lat' dir='ltr'><strong>prae-</strong></span> 
     </span>
     <span class='ocr_line' id='line_1_23' title="bbox 326 1780 1689 1833; baseline -0.001 -13"><span class='ocrx_word' id='word_1_150' title='bbox 326 1780 669 1821; x_wconf 84' lang='lat' dir='ltr'><strong>stantissimorum</strong></span> <span class='ocrx_word' id='word_1_151' title='bbox 699 1780 888 1820; x_wconf 91' lang='lat' dir='ltr'><strong>codicum</strong></span> <span class='ocrx_word' id='word_1_152' title='bbox 918 1781 1146 1833; x_wconf 84' lang='lat' dir='ltr'><strong>scripturae</strong></span> <span class='ocrx_word' id='word_1_153' title='bbox 1177 1784 1320 1819; x_wconf 90' lang='lat' dir='ltr'><strong>contra</strong></span> <span class='ocrx_word' id='word_1_154' title='bbox 1349 1780 1513 1820; x_wconf 87' lang='lat' dir='ltr'><strong>illorum</strong></span> <span class='ocrx_word' id='word_1_155' title='bbox 1532 1780 1689 1833; x_wconf 86' lang='lat' dir='ltr'><strong>opinio-</strong></span> 
     </span>
     <span class='ocr_line' id='line_1_24' title="bbox 325 1850 1234 1892; baseline 0 -4"><span class='ocrx_word' id='word_1_156' title='bbox 325 1862 417 1889; x_wconf 86' lang='lat' dir='ltr'><strong>nem</strong></span> <span class='ocrx_word' id='word_1_157' title='bbox 448 1850 689 1888; x_wconf 75' lang='lat' dir='ltr'><strong>retinendae</strong></span> <span class='ocrx_word' id='word_1_158' title='bbox 719 1850 814 1889; x_wconf 89' lang='lat' dir='ltr'><strong>sint.</strong></span> <span class='ocrx_word' id='word_1_159' title='bbox 1232 1890 1234 1892; x_wconf 74' lang='grc'><strong>,</strong></span> 
     </span>
    </p>

    <p class='ocr_par' dir='ltr' id='par_1_7' title="bbox 323 1906 1689 2735">
     <span class='ocr_line' id='line_1_25' title="bbox 382 1906 1688 1971; baseline -0.002 -12"><span class='ocrx_word' id='word_1_160' title='bbox 382 1918 494 1959; x_wconf 70' lang='lat' dir='ltr'><strong>Nova</strong></span> <span class='ocrx_word' id='word_1_161' title='bbox 525 1918 707 1959; x_wconf 88' lang='lat' dir='ltr'><strong>subsidia</strong></span> <span class='ocrx_word' id='word_1_162' title='bbox 743 1919 885 1959; x_wconf 89' lang='lat' dir='ltr'><strong>critica</strong></span> <span class='ocrx_word' id='word_1_163' title='bbox 924 1918 975 1958; x_wconf 90' lang='lat' dir='ltr'><strong>ad</strong></span> <span class='ocrx_word' id='word_1_164' title='bbox 1003 1919 1084 1958; x_wconf 92' lang='lat' dir='ltr'><strong>hoc</strong></span> <span class='ocrx_word' id='word_1_165' title='bbox 1113 1931 1244 1971; x_wconf 87' lang='lat' dir='ltr'><strong>usque</strong></span> <span class='ocrx_word' id='word_1_166' title='bbox 1273 1906 1435 1971; x_wconf 82' lang='lat' dir='ltr'><strong>tempus</strong></span> <span class='ocrx_word' id='word_1_167' title='bbox 1467 1918 1517 1958; x_wconf 91' lang='lat' dir='ltr'><strong>ad</strong></span> <span class='ocrx_word' id='word_1_168' title='bbox 1547 1930 1688 1968; x_wconf 72' lang='lat' dir='ltr'><strong>manus</strong></span> 
     </span>
     <span class='ocr_line' id='line_1_26' title="bbox 327 1988 1689 2040; baseline -0.001 -13"><span class='ocrx_word' id='word_1_169' title='bbox 327 1989 427 2027; x_wconf 82' lang='lat' dir='ltr'><strong>mihi</strong></span> <span class='ocrx_word' id='word_1_170' title='bbox 456 2001 537 2027; x_wconf 90' lang='lat' dir='ltr'><strong>non</strong></span> <span class='ocrx_word' id='word_1_171' title='bbox 567 1988 709 2037; x_wconf 84' lang='lat' dir='ltr'><strong>fuere,</strong></span> <span class='ocrx_word' id='word_1_172' title='bbox 739 1989 820 2028; x_wconf 76' lang='lat' dir='ltr'><strong>nisi</strong></span> <span class='ocrx_word' id='word_1_173' title='bbox 848 1988 1103 2028; x_wconf 83' lang='lat' dir='ltr'><strong>Alschefskii</strong></span> <span class='ocrx_word' id='word_1_174' title='bbox 1138 2002 1281 2027; x_wconf 83' lang='lat' dir='ltr'><strong>novam</strong></span> <span class='ocrx_word' id='word_1_175' title='bbox 1318 1989 1475 2040; x_wconf 83' lang='lat' dir='ltr'><strong>primae</strong></span> <span class='ocrx_word' id='word_1_176' title='bbox 1503 1988 1689 2027; x_wconf 83' lang='lat' dir='ltr'><strong>Liviano-</strong></span> 
     </span>
     <span class='ocr_line' id='line_1_27' title="bbox 325 2057 1689 2098; baseline 0 -1"><span class='ocrx_word' id='word_1_177' title='bbox 325 2072 414 2098; x_wconf 90' lang='lat' dir='ltr'><strong>rum</strong></span> <span class='ocrx_word' id='word_1_178' title='bbox 444 2057 647 2098; x_wconf 86' lang='lat' dir='ltr'><strong>annalium</strong></span> <span class='ocrx_word' id='word_1_179' title='bbox 676 2057 845 2098; x_wconf 83' lang='lat' dir='ltr'><strong>decadis</strong></span> <span class='ocrx_word' id='word_1_180' title='bbox 876 2058 1099 2098; x_wconf 88' lang='lat' dir='ltr'><strong>editionem</strong></span> <span class='ocrx_word' id='word_1_181' title='bbox 1129 2071 1276 2098; x_wconf 75' lang='lat' dir='ltr'><strong>novum</strong></span> <span class='ocrx_word' id='word_1_182' title='bbox 1292 2070 1439 2098; x_wconf 75' lang='lat' dir='ltr'><strong>vocare</strong></span> <span class='ocrx_word' id='word_1_183' title='bbox 1468 2057 1570 2098; x_wconf 67' lang='lat' dir='ltr'><strong>velis</strong></span> <span class='ocrx_word' id='word_1_184' title='bbox 1596 2058 1689 2097; x_wconf 84' lang='lat' dir='ltr'><strong>snb-</strong></span> 
     </span>
     <span class='ocr_line' id='line_1_28' title="bbox 327 2127 1688 2179; baseline 0 -13"><span class='ocrx_word' id='word_1_185' title='bbox 327 2127 487 2166; x_wconf 80' lang='lat' dir='ltr'><strong>sidium.</strong></span> <span class='ocrx_word' id='word_1_186' title='bbox 547 2128 662 2166; x_wconf 87' lang='lat' dir='ltr'><strong>Haec</strong></span> <span class='ocrx_word' id='word_1_187' title='bbox 702 2128 812 2166; x_wconf 90' lang='lat' dir='ltr'><strong>enim</strong></span> <span class='ocrx_word' id='word_1_188' title='bbox 848 2128 976 2166; x_wconf 89' lang='lat' dir='ltr'><strong>editio</strong></span> <span class='ocrx_word' id='word_1_189' title='bbox 1015 2140 1107 2166; x_wconf 91' lang='lat' dir='ltr'><strong>cum</strong></span> <span class='ocrx_word' id='word_1_190' title='bbox 1137 2128 1484 2166; x_wconf 82' lang='lat' dir='ltr'><strong>accuratissimam</strong></span> <span class='ocrx_word' id='word_1_191' title='bbox 1515 2128 1688 2179; x_wconf 85' lang='lat' dir='ltr'><strong>optimo-</strong></span> 
     </span>
     <span class='ocr_line' id='line_1_29' title="bbox 325 2186 1689 2249; baseline 0 -14"><span class='ocrx_word' id='word_1_192' title='bbox 325 2197 633 2236; x_wconf 82' lang='lat' dir='ltr'><strong>rum&#39;codicum</strong></span> <span class='ocrx_word' id='word_1_193' title='bbox 663 2186 925 2236; x_wconf 87' lang='lat' dir='ltr'><strong>collationem</strong></span> <span class='ocrx_word' id='word_1_194' title='bbox 955 2197 1004 2236; x_wconf 91' lang='lat' dir='ltr'><strong>ab</strong></span> <span class='ocrx_word' id='word_1_195' title='bbox 1035 2196 1127 2249; x_wconf 87' lang='lat' dir='ltr'><strong>ipso</strong></span> <span class='ocrx_word' id='word_1_196' title='bbox 1164 2196 1429 2236; x_wconf 76' lang='lat' dir='ltr'><strong>Alschefskio</strong></span> <span class='ocrx_word' id='word_1_197' title='bbox 1460 2197 1689 2236; x_wconf 87' lang='lat' dir='ltr'><strong>institutam</strong></span> 
     </span>
     <span class='ocr_line' id='line_1_30' title="bbox 326 2258 1688 2318; baseline 0 -13"><span class='ocrx_word' id='word_1_198' title='bbox 326 2266 554 2314; x_wconf 81' lang='lat' dir='ltr'><strong>contineat,</strong></span> <span class='ocrx_word' id='word_1_199' title='bbox 591 2266 729 2305; x_wconf 85' lang='lat' dir='ltr'><strong>multis</strong></span> <span class='ocrx_word' id='word_1_200' title='bbox 766 2266 873 2305; x_wconf 89' lang='lat' dir='ltr'><strong>locis</strong></span> <span class='ocrx_word' id='word_1_201' title='bbox 902 2280 1042 2305; x_wconf 79' lang='lat' dir='ltr'><strong>verum</strong></span> <span class='ocrx_word' id='word_1_202' title='bbox 1081 2266 1248 2318; x_wconf 82' lang='lat' dir='ltr'><strong>egregie</strong></span> <span class='ocrx_word' id='word_1_203' title='bbox 1278 2280 1344 2306; x_wconf 91' lang='lat' dir='ltr'><strong>me</strong></span> <span class='ocrx_word' id='word_1_204' title='bbox 1375 2258 1526 2306; x_wconf 88' lang='lat' dir='ltr'><strong>docuit.</strong></span> <span class='ocrx_word' id='word_1_205' title='bbox 1586 2266 1688 2305; x_wconf 89' lang='lat' dir='ltr'><strong>Nam</strong></span> 
     </span>
     <span class='ocr_line' id='line_1_31' title="bbox 325 2335 1689 2387; baseline -0.001 -13"><span class='ocrx_word' id='word_1_206' title='bbox 325 2335 405 2374; x_wconf 87' lang='lat' dir='ltr'><strong>etsi</strong></span> <span class='ocrx_word' id='word_1_207' title='bbox 434 2335 623 2387; x_wconf 89' lang='lat' dir='ltr'><strong>plerique</strong></span> <span class='ocrx_word' id='word_1_208' title='bbox 652 2347 756 2386; x_wconf 85' lang='lat' dir='ltr'><strong>quos</strong></span> <span class='ocrx_word' id='word_1_209' title='bbox 789 2335 1001 2374; x_wconf 82' lang='lat' dir='ltr'><strong>emendavi</strong></span> <span class='ocrx_word' id='word_1_210' title='bbox 1036 2335 1121 2374; x_wconf 88' lang='lat' dir='ltr'><strong>loci</strong></span> <span class='ocrx_word' id='word_1_211' title='bbox 1157 2348 1238 2374; x_wconf 90' lang='lat' dir='ltr'><strong>non</strong></span> <span class='ocrx_word' id='word_1_212' title='bbox 1269 2348 1319 2375; x_wconf 86' lang='lat' dir='ltr'><strong>ex</strong></span> <span class='ocrx_word' id='word_1_213' title='bbox 1350 2336 1499 2387; x_wconf 75' lang='lat' dir='ltr'><strong>prima,</strong></span> <span class='ocrx_word' id='word_1_214' title='bbox 1531 2335 1608 2373; x_wconf 85' lang='lat' dir='ltr'><strong>sed</strong></span> <span class='ocrx_word' id='word_1_215' title='bbox 1638 2347 1689 2373; x_wconf 84' lang='lat' dir='ltr'><strong>ex</strong></span> 
     </span>
     <span class='ocr_line' id='line_1_32' title="bbox 323 2402 1688 2459; baseline -0.002 -15"><span class='ocrx_word' id='word_1_216' title='bbox 323 2404 446 2444; x_wconf 86' lang='lat' dir='ltr'><strong>tertia</strong></span> <span class='ocrx_word' id='word_1_217' title='bbox 485 2404 688 2444; x_wconf 85' lang='lat' dir='ltr'><strong>annalium</strong></span> <span class='ocrx_word' id='word_1_218' title='bbox 724 2404 882 2444; x_wconf 83' lang='lat' dir='ltr'><strong>decade</strong></span> <span class='ocrx_word' id='word_1_219' title='bbox 920 2408 1015 2444; x_wconf 88' lang='lat' dir='ltr'><strong>sunt</strong></span> <span class='ocrx_word' id='word_1_220' title='bbox 1059 2404 1313 2459; x_wconf 80' lang='lat' dir='ltr'><strong>deprompti,</strong></span> <span class='ocrx_word' id='word_1_221' title='bbox 1359 2409 1496 2443; x_wconf 85' lang='lat' dir='ltr'><strong>tamen</strong></span> <span class='ocrx_word' id='word_1_222' title='bbox 1535 2416 1585 2442; x_wconf 82' lang='lat' dir='ltr'><strong>ex</strong></span> <span class='ocrx_word' id='word_1_223' title='bbox 1619 2402 1688 2442; x_wconf 88' lang='lat' dir='ltr'><strong>Al-</strong></span> 
     </span>
     <span class='ocr_line' id='line_1_33' title="bbox 325 2472 1689 2527; baseline -0.001 -15"><span class='ocrx_word' id='word_1_224' title='bbox 325 2474 525 2513; x_wconf 84' lang='lat' dir='ltr'><strong>schefskii</strong></span> <span class='ocrx_word' id='word_1_225' title='bbox 557 2473 739 2513; x_wconf 84' lang='lat' dir='ltr'><strong>editione</strong></span> <span class='ocrx_word' id='word_1_226' title='bbox 769 2487 953 2526; x_wconf 83' lang='lat' dir='ltr'><strong>magnam</strong></span> <span class='ocrx_word' id='word_1_227' title='bbox 984 2487 1132 2526; x_wconf 83' lang='lat' dir='ltr'><strong>capere</strong></span> <span class='ocrx_word' id='word_1_228' title='bbox 1162 2474 1279 2527; x_wconf 86' lang='lat' dir='ltr'><strong>potui</strong></span> <span class='ocrx_word' id='word_1_229' title='bbox 1307 2473 1547 2521; x_wconf 82' lang='lat' dir='ltr'><strong>utilitatem,</strong></span> <span class='ocrx_word' id='word_1_230' title='bbox 1579 2472 1689 2524; x_wconf 83' lang='lat' dir='ltr'><strong>quod</strong></span> 
     </span>
     <span class='ocr_line' id='line_1_34' title="bbox 325 2541 1687 2596; baseline -0.001 -14"><span class='ocrx_word' id='word_1_231' title='bbox 325 2543 421 2595; x_wconf 89' lang='lat' dir='ltr'><strong>quid</strong></span> <span class='ocrx_word' id='word_1_232' title='bbox 451 2543 541 2582; x_wconf 84' lang='lat' dir='ltr'><strong>aliis</strong></span> <span class='ocrx_word' id='word_1_233' title='bbox 572 2541 678 2583; x_wconf 86' lang='lat' dir='ltr'><strong>locis</strong></span> <span class='ocrx_word' id='word_1_234' title='bbox 717 2543 860 2596; x_wconf 88' lang='lat' dir='ltr'><strong>optimi</strong></span> <span class='ocrx_word' id='word_1_235' title='bbox 891 2544 1135 2583; x_wconf 86' lang='lat' dir='ltr'><strong>exhiberent</strong></span> <span class='ocrx_word' id='word_1_236' title='bbox 1164 2543 1260 2582; x_wconf 90' lang='lat' dir='ltr'><strong>libri</strong></span> <span class='ocrx_word' id='word_1_237' title='bbox 1290 2555 1389 2582; x_wconf 89' lang='lat' dir='ltr'><strong>mss.</strong></span> <span class='ocrx_word' id='word_1_238' title='bbox 1420 2542 1520 2582; x_wconf 85' lang='lat' dir='ltr'><strong>mihi</strong></span> <span class='ocrx_word' id='word_1_239' title='bbox 1551 2545 1687 2582; x_wconf 85' lang='lat' dir='ltr'><strong>osten-</strong></span> 
     </span>
     <span class='ocr_line' id='line_1_35' title="bbox 324 2611 1687 2665; baseline 0 -14"><span class='ocrx_word' id='word_1_240' title='bbox 324 2613 396 2651; x_wconf 89' lang='lat' dir='ltr'><strong>dit.</strong></span> <span class='ocrx_word' id='word_1_241' title='bbox 455 2613 511 2651; x_wconf 80' lang='lat' dir='ltr'><strong>Et</strong></span> <span class='ocrx_word' id='word_1_242' title='bbox 553 2613 717 2652; x_wconf 90' lang='lat' dir='ltr'><strong>omnino</strong></span> <span class='ocrx_word' id='word_1_243' title='bbox 756 2612 897 2652; x_wconf 87' lang='lat' dir='ltr'><strong>dicere</strong></span> <span class='ocrx_word' id='word_1_244' title='bbox 941 2613 1005 2652; x_wconf 80' lang='lat' dir='ltr'><strong>vix</strong></span> <span class='ocrx_word' id='word_1_245' title='bbox 1042 2625 1232 2665; x_wconf 83' lang='lat' dir='ltr'><strong>possum,</strong></span> <span class='ocrx_word' id='word_1_246' title='bbox 1278 2625 1397 2663; x_wconf 90' lang='lat' dir='ltr'><strong>quam</strong></span> <span class='ocrx_word' id='word_1_247' title='bbox 1434 2611 1579 2651; x_wconf 87' lang='lat' dir='ltr'><strong>multas</strong></span> <span class='ocrx_word' id='word_1_248' title='bbox 1617 2625 1687 2651; x_wconf 91' lang='lat' dir='ltr'><strong>res</strong></span> 
     </span>
     <span class='ocr_line' id='line_1_36' title="bbox 324 2671 1687 2735; baseline 0 -14"><span class='ocrx_word' id='word_1_249' title='bbox 324 2681 611 2723; x_wconf 77' lang='lat' dir='ltr'><strong>Alschefskius</strong></span> <span class='ocrx_word' id='word_1_250' title='bbox 641 2682 719 2723; x_wconf 83' lang='lat' dir='ltr'><strong>hac</strong></span> <span class='ocrx_word' id='word_1_251' title='bbox 750 2671 932 2723; x_wconf 82' lang='lat' dir='ltr'><strong>editione</strong></span> <span class='ocrx_word' id='word_1_252' title='bbox 962 2695 1029 2722; x_wconf 87' lang='lat' dir='ltr'><strong>me</strong></span> <span class='ocrx_word' id='word_1_253' title='bbox 1059 2682 1226 2735; x_wconf 75' lang='lat' dir='ltr'><strong>egregie</strong></span> <span class='ocrx_word' id='word_1_254' title='bbox 1265 2680 1454 2721; x_wconf 85' lang='lat' dir='ltr'><strong>docuerit</strong></span> <span class='ocrx_word' id='word_1_255' title='bbox 1483 2684 1687 2732; x_wconf 85' lang='lat' dir='ltr'><strong>quantam-</strong></span> 
     </span>
    </p>
   </div>
   <div class='ocr_carea' id='block_1_4' title="bbox 1703 0 1890 79">
    <p class='ocr_par' dir='ltr' id='par_1_8' title="bbox 1703 0 1890 79">
     <span class='ocr_line' id='line_1_37' title="bbox 1703 0 1890 79; baseline 0 3111"><span class='ocrx_word' id='word_1_256' title='bbox 1703 0 1890 79; x_wconf 95' lang='lat' dir='ltr'><strong> </strong></span> 
     </span>
    </p>
   </div>
  </div>
 </body>
</html>
