1890 3190
905 232 974 282 54

302 395 444 438 Edere
470 400 607 437 autem
635 382 829 450 recipere
863 409 948 437 noa
979 409 1087 450 queo
1115 396 1292 450 primum
1321 397 1432 451 quod
1455 396 1625 439 codices

247 467 394 519 optimi
423 466 476 505 ad
502 466 610 506 hanc
639 479 723 507 non
753 465 908 505 ducunt
936 467 1197 519 scripturam,
1213 465 1349 519 (enen-e
1365 468 1493 518 enim,
1508 465 1626 520 >qnod
1677 473 1681 488 ⁸

246 535 365 575 edere
391 549 530 576 veram
566 548 663 575 esse
701 535 949 588 scripturam
987 535 1130 575 facere
1159 536 1304 589 possit
1339 540 1386 577 ut
1419 541 1625 591 putemus,
1668 577 1671 582 ,

247 618 331 644 non
367 606 594 658 praebetur
630 606 681 644 ab
719 604 906 658 optimis)
945 608 989 644 et
1032 605 1144 657 quod
1185 605 1337 645 edendi.
1371 606 1499 646 verbo
1543 618 1627 646 non

246 674 503 727 significatur
531 687 685 727 angues
716 688 799 714 non
829 678 960 715 totum
988 675 1119 725 iecur,
1144 674 1220 715 sed
1243 674 1334 715 eius
1354 679 1513 715 tantum
1534 679 1628 729 pat-4

246 748 333 783 tem
362 744 516 793 edisse,
548 743 659 795 quod
687 747 826 783 tamen
856 744 1098 783 ostendatur
1126 756 1304 783 necesse
1343 747 1421 783 eat.

304 813 409 853 Nam
439 817 483 853 et
512 826 564 852 ex
593 813 865 864 sequentibus
891 823 1045 866 angues
1070 813 1247 865 primum
1269 822 1352 852 non
1363 817 1497 853 totum
1511 812 1629 852 iecur

248 883 390 923 edisse
421 882 578 921 clarum
607 886 674 922 est
702 885 747 921 et
775 895 827 923 ex
856 895 907 922 eo
939 882 1049 934 quod
1078 880 1217 922 Livius
1256 881 1378 922 dicit:
1410 873 1628 936 eompeetz’-

248 966 324 1006 (με
352 951 547 991 abierunt.
605 951 773 991 Etenim
802 952 921 992 iecur
950 952 986 992 si
1018 952 1206 991 edissent
1233 955 1378 1001 totum,
1408 952 1490 991 iam
1517 951 1628 992 altro

248 1021 451 1061 abiissent
470 1033 605 1073 neque
628 1024 716 1060 tum
740 1020 917 1071 demum,
945 1033 1037 1060 cum
1059 1024 1204 1060 essent
1223 1021 1453 1073 conspecti,
1475 1020 1629 1074 quippe

248 1091 318 1143 qui
346 1090 452 1131 nihil
481 1090 657 1143 amplius
686 1091 892 1131 haberent
919 1090 1031 1143 quod
1061 1093 1245 1143 agerent.
1307 1090 1393 1129 Sed
1410 1089 1631 1129 adedenmt

247 1160 365 1199 iecur
394 1163 437 1199 et
467 1160 698 1211 conspecti,
727 1160 867 1211 itaque
895 1159 1062 1208 turbati,
1093 1171 1203 1207 rem,
1234 1171 1354 1211 quam
1382 1158 1525 1197 facere
1561 1171 1629 1197 vo-

247 1228 411 1278 lebant,
449 1228 501 1268 ad
533 1228 686 1269 exitum
716 1242 800 1269 non
843 1228 1123 1282 perducentes
1160 1228 1361 1277 abierunt.
1429 1227 1630 1267 Codicum

247 1311 346 1337 vero
378 1298 628 1350 optimorum
659 1298 865 1351 scriptura
900 1298 1026 1337 facile
1064 1298 1200 1350 potuit
1236 1298 1377 1337 enasci
1415 1310 1466 1336 ex
1502 1298 1629 1336 verbo

247 1366 434 1417 adedere,
465 1370 509 1408 et
536 1381 564 1407 a
592 1366 751 1417 littera,
791 1380 912 1421 quam
946 1367 1103 1407 habent
1140 1366 1285 1420 optimi
1322 1366 1365 1407 in
1403 1370 1630 1419 cont-aptae

247 1437 363 1477 vocis
393 1437 526 1487 initio,
557 1449 609 1477 eo
640 1450 717 1477 nos
748 1437 863 1477 ducit
890 1441 937 1477 ut
972 1448 1117 1476 vocem
1155 1437 1354 1489 scriptam
1389 1436 1522 1477 fuisse
1560 1436 1632 1475 ali-

248 1519 368 1559 quam
395 1509 589 1560 putemus
618 1519 697 1559 per
725 1518 753 1546 a
779 1506 967 1546 vocalem
995 1505 1279 1559 incipientem.

307 1576 485 1615 Sensum
515 1579 652 1615 autem
679 1576 792 1627 quod
822 1576 1002 1625 adtinet,
1032 1575 1207 1614 adedere
1232 1575 1402 1614 verbum
1432 1574 1631 1627 optimum

252 1656 349 1684 esse
378 1644 459 1684 iam
488 1644 677 1684 vidimus.

307 1712 514 1763 Ademere,
552 1714 663 1767 quod
700 1718 768 1754 est
803 1714 847 1754 in
885 1713 1033 1753 codice
1068 1712 1169 1762 PaL,
1209 1723 1451 1765 quamquam
1488 1715 1632 1764 aperte

249 1783 443 1823 vitiosum
470 1783 553 1823 hoc
582 1783 679 1824 loco
716 1786 804 1833 est,
842 1786 981 1822 tamen
1017 1783 1187 1822 verbum
1221 1795 1300 1835 per
1335 1781 1392 1821 ad
1425 1781 1631 1833 incipiens

249 1866 391 1894 verum
420 1866 518 1894 esse
548 1853 675 1893 docet
703 1857 747 1893 et
773 1852 899 1893 facile
938 1866 988 1893 ex
1018 1851 1191 1892 adedere
1219 1851 1355 1904 potuit
1384 1851 1497 1891 oriri.

913 1947 940 1973 a

308 1991 444 2032 Etiam
473 1991 560 2032 Pal.
601 1988 641 2032 1.
671 1991 879 2045 scriptura
913 2005 1031 2031 enere
1065 1990 1250 2031 ostendit
1283 1989 1368 2030 tale
1406 1989 1505 2042 quid
1543 1989 1633 2029 eius

251 2059 463 2101 librarium
493 2061 719 2100 exhibitum
747 2061 916 2100 vidisse.
976 2059 1053 2099 llis
1086 2072 1192 2112 quae
1229 2059 1313 2098 dixi
1352 2058 1507 2111 optimo
1544 2058 1643 2097 iure

250 2135 297 2172 ut
326 2136 623 2184 argumentum,
654 2143 735 2184 quo
764 2144 900 2172 meam
929 2130 1177 2183 scripturam
1197 2129 1477 2169 demonstrem
1497 2142 1635 2168 veram

253 2212 379 2249 esse,
425 2200 617 2240 adiiciam
660 2201 710 2240 ab
740 2199 910 2242 Valerio
939 2199 1121 2240 Maximo
1159 2199 1189 2239 Ι.
1227 2195 1269 2239 6.
1308 2195 1349 2239 8.
1396 2198 1449 2237 de
1486 2198 1637 2237 eodem

252 2269 459 2311 sacrificio
504 2270 703 2323 loquente
747 2270 861 2311 idem
912 2269 1119 2310 adedendi
1169 2269 1339 2309 verbum
1382 2271 1635 2321 usurpatum.

249 2339 363 2379 Dicit
392 2343 528 2379 autem
556 2338 696 2380 Valer.
726 2338 893 2380 Maxim.
924 2351 1108 2393 „angues
1149 2338 1230 2378 duo
1262 2351 1314 2378 ex
1344 2337 1510 2378 occulto
1541 2350 1636 2391 pro-

249 2410 358 2463 lapsi
387 2413 563 2462 repente
592 2410 768 2460 hostiae,
801 2423 921 2463 quam
950 2409 1244 2459 immolaverat,
1275 2408 1398 2448 adeso
1425 2405 1636 2448 iocinore’'

251 2483 353 2528 cet.,
399 2479 547 2530 quibus
591 2480 730 2519 verbis
776 2480 1011 2520 ostenditur
1056 2492 1200 2519 omnes
1249 2481 1419 2531 praeter
1465 2476 1638 2517 adedere

253 2548 483 2601 scripturas
512 2547 640 2588 falsas
672 2561 782 2590 esse.

308 2617 455 2670 Neque
485 2622 629 2671 potest
658 2619 743 2660 dici
771 2619 932 2660 Livium
967 2618 1078 2658 aliud
1107 2618 1349 2659 vocabulum
1377 2618 1534 2658 hahere
1564 2630 1637 2670 po-

251 2687 384 2729 tuisse
422 2701 543 2741 quam
579 2673 743 2741 valen,
789 2702 883 2730 cum
927 2689 1093 2730 omnino
1137 2702 1220 2730 non
1266 2688 1416 2729 iisdem
1451 2687 1518 2728 usi
1556 2687 1639 2727 sint
