1890 3190
926 219 991 270 52

268 387 423 434 autem,
453 396 545 424 cum
575 383 802 424 editionem
829 383 936 425 Livii
966 387 1252 438 stereotypam
1269 388 1446 435 curaret,
1464 384 1643 425 Bekkeri

268 453 493 494 editionem
521 453 631 493 haud
659 453 786 494 dubie
816 458 911 494 ante
955 453 1100 494 oculos
1138 454 1318 504 habens,
1357 468 1523 495 caussas
1555 468 1644 494 eas-

268 535 369 574 que,
406 526 452 562 ut
481 522 673 575 equidem
703 523 901 573 arbitror,
940 535 1086 576 graves
1123 523 1279 562 habere
1310 523 1489 564 debebat
1518 536 1593 567 cur
1620 537 1644 563 a

267 592 447 632 Bekkeri
477 593 682 646 scriptura
711 592 961 633 discederet.
993 591 1051 632 Ut
1075 592 1201 645 igitur
1229 592 1282 632 de
1313 593 1395 633 hoc
1425 593 1520 633 loco
1539 592 1644 633 certi

264 661 432 701 tandem
461 661 616 715 aliquid
642 666 883 711 statuerem,
919 662 1071 701 iterum
1101 674 1194 702 eum
1223 666 1402 702 tractare
1433 662 1642 713 eonstitui4

266 731 369 771 nihil
401 726 697 785 supervacanei
726 745 793 772 me
823 735 1114 785 suscepturum
1140 736 1254 772 ratus
1285 744 1395 772 esse.

322 801 503 841 Bekkeri
538 801 648 841 enim
684 802 929 854 scripturam
945 832 958 851 ‚
996 815 1116 854 quam
1151 814 1289 841 veram
1319 814 1440 841 nemo
1471 801 1642 841 demon-

265 871 429 921 stravit,
461 870 552 923 quis
581 884 730 911 veram»
747 871 928 911 habeat?
973 860 1178 923 Equidem
1207 871 1414 911 neminem
1443 871 1535 910 fore
1559 871 1641 911 exi-

265 940 415 989 stimo,
454 940 524 991 qui
558 940 647 980 veri
690 940 960 992 investigator
1006 940 1050 980 in
1087 940 1176 980 eius
1212 940 1337 980 verba
1374 940 1431 980 ita
1459 940 1568 980 iuret
1596 944 1643 979 ut

263 1009 416 1049 nullam
449 1021 675 1062 superesse
706 1009 994 1049 difficultatem
1023 1013 1093 1049 aut
1121 1009 1277 1065 nullum
1306 1009 1498 1049 relictum
1527 1009 1641 1049 dubi-

263 1078 377 1118 tandi
405 1078 547 1118 locum
575 1079 810 1119 arbitretur.

319 1147 561 1200 Priusquam
591 1151 729 1188 tamen
755 1148 812 1189 :ad
840 1161 931 1187 rem
963 1147 1203 1200 adgrediar,
1239 1147 1569 1187 Drakenborchii
1598 1151 1641 1187 et

262 1217 497 1270 Kreyssigii
534 1218 781 1271 scripturam
826 1217 1041 1270 adponam.
1106 1217 1467 1257 Drakenborchius
1504 1221 1640 1267 autem

262 1287 320 1326 ita
350 1287 545 1327 exhibet:
576 1287 633 1327 ad
661 1292 779 1337 exta,
809 1288 1007 1340 sacrificio
1024 1277 1278 1340 -adlapsi‚
1309 1287 1427 1327 edere
1456 1288 1565 1328 iecur
1583 1310 1641 1317 -—·

261 1358 447 1397 intentius
476 1362 573 1398 exta
599 1363 781 1397 reserata
816 1362 1069 1397 servarentur
1083 1374 1095 1396 :
1125 1359 1266 1397 iterum
1303 1371 1354 1397 ac
1393 1359 1549 1397 tertium
1577 1372 1639 1396 ve-

260 1428 364 1467 m'sse
399 1427 583 1477 tradunt,
622 1426 822 1481 libatoque
857 1428 1033 1466 iocinore
1077 1428 1251 1467 intactos
1294 1441 1443 1480 unques
1480 1427 1637 1467 abiisse.

259 1496 522 1549 Kreyssigius
544 1496 692 1536 eodem
721 1496 812 1535 fere
831 1486 954 1536 modo
982 1496 1170 1535 scribens
1188 1496 1566 1536 aDrakenborchio
1595 1496 1638 1536 in

260 1577 311 1605 eo
332 1560 528 1606 dissentit
556 1565 666 1618 quod
694 1578 772 1619 pro
801 1570 981 1605 reserata
1010 1564 1113 1618 legit
1135 1570 1289 1606 resecta
1310 1569 1353 1605 et
1371 1578 1448 1618 pro
1465 1567 1640 1605 iocinore

258 1635 385 1674 habet
419 1636 604 1675 icc-inore.

325 1704 371 1745 In
408 1705 551 1758 priore
588 1705 714 1758 igitur
748 1704 876 1745 totius
913 1704 998 1746 loci
1037 1709 1154 1759 parte
1191 1704 1286 1758 lego
1324 1718 1419 1744 cum
1447 1704 1637 1744 Bekkero

259 1774 431 1814 adedere
459 1775 624 1815 'reiecta
660 1774 864 1815 Drakenb.
916 1779 959 1814 et
995 1775 1226 1827 Kreyssigii
1265 1775 1470 1828 scriptura
1499 1764 1636 1815 edere.

261 1844 382 1896 Quod
413 1857 487 1885 cur
514 1844 664 1885 faciam
693 1845 774 1884 iam
804 1844 957 1885 audito.
987 1844 1073 1885 Pal.
1107 1842 1145 1885 l.
1178 1844 1402 1884 Gebhardo
1432 1848 1541 1884 teste
1559 1858 1636 1897 pro

259 1914 377 1953 edere
405 1905 581 1967 praebet
609 1928 744 1963 enere,
783 1914 841 1960 ita
869 1917 1007 1953 tamen
1037 1918 1083 1954 ut
1112 1927 1237 1967 supra
1265 1914 1440 1967 primam
1469 1928 1492 1953 e
1519 1927 1636 1953 voca-

256 1983 340 2023 lem
377 1984 576 2037 scriptam
617 1984 770 2024 habeat
806 1996 832 2022 a
868 1983 1075 2032 litteram3
1112 1984 1164 2022 ad
1199 1983 1426 2036 marginem
1455 1983 1637 2036 positum

259 2053 418 2093 invenis
449 2058 603 2103 tenere,
633 2052 831 2102 lambere3
861 2053 904 2092 in
933 2052 1019 2092 Pal.
1050 2050 1091 2094 3.
1121 2053 1252 2092 habes
1283 2052 1477 2092 ademere.
1494 2051 1534 2105 *)

311 2122 348 2162 J.
379 2123 448 2163 Fr.
482 2122 714 2162 Gronovius
745 2135 822 2162 nos
854 2122 980 2162 docet
1024 2122 1194 2162 Putean.
1230 2122 1433 2175 praebere
1473 2121 1639 2176 adlapsi

255 2206 403 2233 anaere
431 2194 560 2243 iem,
590 2192 729 2233 Petav.
747 2206 852 2232 anae
879 2193 1028 2232 reietur
1056 2192 1166 2245 (fere
1189 2192 1302 2233 idem
1324 2192 1435 2245 quod
1449 2191 1634 2242 Putem„

283 2390 318 2429 ·)
343 2389 443 2432 Quod
472 2390 575 2423 habet
603 2390 675 2422 Pal.
699 2385 732 2422 3.
756 2386 916 2433 collemsi,
948 2389 984 2421 id
1012 2390 1079 2421 iam
1103 2399 1145 2422 ex
1169 2398 1210 2421 eo
1235 2390 1358 2427 falsum
1390 2398 1470 2421 esse
1494 2393 1634 2431 apparet

343 2448 434 2488 quod
449 2448 542 2479 solus
568 2451 622 2480 est
642 2448 758 2491 codex,
774 2448 831 2487 qui
848 2448 1002 2480 omnibus
1023 2449 1098 2480 aliis
1113 2446 1249 2486 adlapsi
1262 2449 1502 2489 praebentibus
1526 2449 1633 2479 colla-

339 2503 396 2545 psi
423 2507 579 2538 exhibeat
609 2510 644 2538 et
680 2507 770 2546 quod
794 2506 1044 2549 significantius
1067 2507 1173 2539 multo
1197 2510 1232 2539 et
1254 2507 1297 2539 ad
1321 2506 1371 2539 rei
1395 2509 1548 2538 naturam
1573 2515 1633 2538 ac-

341 2565 583 2596 commodatius
612 2562 750 2602 adlapsi
778 2573 878 2603 quam
908 2556 1057 2602 collapsa*
1078 2565 1203 2597 dictum
1233 2567 1297 2597 est.
1322 2564 1367 2598 cf.
1391 2564 1507 2597 Horat.
1532 2565 1632 2606 epod.

340 2623 367 2656 1.
389 2617 445 2656 19.
466 2626 505 2654 ut
527 2623 686 2655 assidens
706 2622 921 2663 implumibus
942 2623 1044 2663 pullis
1068 2623 1144 2655 avis

523 2681 731 2721 serpentium
755 2680 905 2722 allapsus
930 2681 1036 2713 timet.
