1890 3190
233 1112 386 1199 Livii
414 1158 508 1201 libr.
524 1157 575 1200 V.
594 1155 660 1199 17.
685 1155 720 1213 §.
739 1154 777 1199 l.
807 1157 850 1198 in
878 1156 1100 1212 prioribus⁴
1118 1155 1366 1198 editionibus
1396 1158 1594 1211 scriptum

237 1232 321 1267 est:
352 1229 490 1280 inyens
518 1228 611 1266 inde
638 1225 779 1267 haberi
805 1229 987 1281 captivus
1014 1231 1125 1266 vates
1147 1232 1326 1280 caephae,
1349 1240 1511 1280 eumque
1526 1227 1594 1266 ad-

235 1296 368 1337 hibere
398 1303 507 1346 cet.;
537 1297 823 1337 Alschefskius
855 1300 990 1337 autem
1019 1296 1211 1337 exhibet:
1241 1296 1379 1350 inyens
1407 1296 1499 1336 inde.
1526 1295 1594 1336 lm-

236 1367 322 1405 ben'
348 1368 508 1419 captivo
537 1366 622 1406 vati
647 1365 771 1406 honos
800 1371 980 1419 coeptus,
1003 1380 1164 1419 eumque
1192 1365 1380 1405 adhibere
1402 1371 1481 1405 cet.
1512 1366 1596 1405 Sed

237 1439 347 1475 errat
382 1434 669 1475 Alschefskius
707 1439 750 1476 et
787 1435 1001 1476 ostendam
1031 1434 1222 1488 equidem
1252 1447 1325 1481 cur
1352 1435 1469 1488 prior
1497 1434 1597 1475 scri·

236 1510 355 1557 ptura
385 1506 440 1544 sit
469 1505 681 1544 servanda.
720 1505 858 1544 Habet
887 1509 1023 1544 autem
1045 1505 1311 1544 Alschefskio
1341 1508 1451 1543 teste
1483 1504 1596 1545 Med.

236 1575 373 1628 inyens
401 1574 494 1614 inde
521 1572 662 1614 Ιιαόενί
688 1574 848 1628 captivo
875 1572 962 1614 vati
987 1572 1111 1614 honos
1141 1564 1304 1627 coeptus
1332 1574 1513 1627 captivus
1534 1587 1597 1613 va-

236 1649 295 1683 tes
324 1644 450 1696 coept'
479 1657 639 1697 eumque
668 1647 747 1682 cet.
805 1644 869 1682 Ex
897 1644 1102 1682 Drakenb.
1132 1643 1231 1682 edit.
1262 1643 1498 1682 adscribere
1529 1643 1598 1682 de-

235 1713 344 1761 beo,
386 1712 537 1751 verba:
576 1713 757 1765 captivus
784 1701 895 1752 votes
924 1710 1051 1765 coept'
1081 1723 1105 1751 a
1140 1723 1260 1751 manu
1298 1711 1425 1751 altera
1463 1712 1600 1751 deleta

238 1795 346 1821 esse.
374 1781 505 1823 Codd.
535 1781 693 1834 Neapp.
723 1782 952 1833 praebent:
981 1782 1119 1834 ἔπρεπε
1154 1781 1247 1820 inde
1275 1779 1414 1820 haberi
1441 1783 1601 1834 captivo

236 1852 321 1891 vati
347 1850 472 1891 honos
500 1855 661 1904 coeptus
690 1864 850 1906 eamque
888 1854 968 1893 cet.
997 1849 1127 1890 Paris.
1166 1850 1304 1904 inyem
1337 1850 1430 1890 inde
1464 1850 1605 1891 haberi

208 1948 212 1952 -
238 1922 419 1973 captivus
446 1925 557 1959 vates
585 1925 747 1973 coeptus
775 1934 936 1973 eumque
965 1924 1045 1959 cet.
1092 1920 1246 1958 Omnes
1275 1919 1602 1959 Drakenborchii

237 1989 333 2029 libri
362 1992 529 2042 praeter
556 1987 710 2029 Medic.
743 2001 834 2029 cum
862 1988 993 2028 Paris.
1022 1987 1191 2028 faciunt.
1250 1986 1447 2028 Videmus
1479 1989 1603 2041 igitur

237 2060 318 2098 iam
348 2059 568 2109 antiquitus
601 2058 701 2097 duas
732 2059 942 2097 exstitisse
973 2059 1220 2111 scripturas,
1242 2069 1408 2109 quarum
1431 2063 1603 2110 utraque

238 2128 328 2180 pari
357 2127 479 2167 modo
517 2126 544 2167 i.
566 2139 602 2167 e.
641 2138 723 2166 uno
760 2140 812 2167 ex
849 2126 1015 2180 optimis
1056 2126 1201 2166 codice
1239 2126 1405 2166 munita.
1449 2126 1604 2167 Medic.

241 2198 369 2251 enim,
402 2198 470 2248 qui
498 2201 711 2248 utramque
742 2197 986 2249 scripturam
1024 2197 1233 2236 coniunxit
1244 2226 1267 2245 ,N
1294 2196 1463 2236 alteram
1493 2195 1605 2236 dele-

239 2267 309 2306 vit.
339 2265 539 2305 Codicum
568 2279 779 2305 numerum
810 2266 847 2305 si
875 2265 1166 2318 respiciamus,
1197 2278 1279 2304 non
1310 2265 1497 2305 dubitare
1510 2278 1605 2318 pos-

242 2337 368 2376 simus
415 2336 512 2388 quin
559 2337 697 2389 z'nyem·
750 2336 843 2376 inde
893 2335 1035 2376 haberi
1069 2337 1251 2389 captivus
1293 2341 1403 2375 vates
1444 2322 1608 2389 coeptus

242 2420 404 2459 eumque
440 2410 519 2444 cet.
557 2418 654 2451 vera
692 2406 747 2443 sit
784 2406 1017 2457 scriptura3
1056 2418 1149 2444 cum
1176 2419 1275 2444 vero
1307 2418 1390 2444 non
1420 2406 1609 2444 codicum

242 2488 456 2525 numerus,
487 2475 567 2526 sed⁴
593 2474 815 2515 auctoritas
846 2474 1075 2515 decernere
1103 2475 1240 2527 possit
1270 2487 1373 2526 quae
1404 2474 1610 2527 scriptura

245 2544 300 2581 sit
328 2544 596 2595 recipienda,
633 2544 877 2582 auctoritate
913 2547 1049 2582 autem
1076 2543 1287 2582 Parisinus
1317 2556 1393 2595 par
1431 2544 1487 2582 sit
1513 2543 1608 2581 Flo-

244 2612 433 2663 rentino5
460 2612 564 2654 aliae
595 2626 764 2654 caussae
796 2616 892 2654 sunt
919 2612 1190 2665 adferendae,
1219 2616 1394 2667 propter
1423 2625 1522 2666 quas
1543 2611 1610 2651 Al-

247 2681 448 2721 schefskii
478 2683 724 2735 scripturam
753 2683 951 2722 reiiciam.
1109 2682 1111 2684 ’
