<?xml version="1.0" encoding="UTF-8"?>
<!DOCTYPE html PUBLIC "-//W3C//DTD XHTML 1.0 Transitional//EN"
    "http://www.w3.org/TR/xhtml1/DTD/xhtml1-transitional.dtd">
<html xmlns="http://www.w3.org/1999/xhtml" xml:lang="en" lang="en">
 <head>
  <title>
</title>
<meta http-equiv="Content-Type" content="text/html;charset=utf-8" />
  <meta name='ocr-system' content='tesseract 3.04.00' />
  <meta name='ocr-capabilities' content='ocr_page ocr_carea ocr_par ocr_line ocrx_word'/>
</head>
<body>
  <div class='ocr_page' id='page_1' title='image "4738014_0015.png"; bbox 0 0 1890 3190; ppageno 0'>
   <div class='ocr_carea' id='block_1_1' title="bbox 890 234 925 284">
    <p class='ocr_par' dir='ltr' id='par_1_1' title="bbox 890 234 925 284">
     <span class='ocr_line' id='line_1_1' title="bbox 890 234 925 284; baseline 0 0"><span class='ocrx_word' id='word_1_1' title='bbox 890 234 925 284; x_wconf 73' lang='lat'>5</span> 
     </span>
    </p>
   </div>
   <div class='ocr_carea' id='block_1_2' title="bbox 771 310 1044 318">
    <p class='ocr_par' dir='ltr' id='par_1_2' title="bbox 771 310 1044 318">
     <span class='ocr_line' id='line_1_2' title="bbox 771 310 1044 318; baseline 0 2872"><span class='ocrx_word' id='word_1_2' title='bbox 771 310 1044 318; x_wconf 95' lang='lat' dir='ltr'><strong> </strong></span> 
     </span>
    </p>
   </div>
   <div class='ocr_carea' id='block_1_3' title="bbox 188 397 1592 2663">
    <p class='ocr_par' dir='ltr' id='par_1_3' title="bbox 225 397 1592 867">
     <span class='ocr_line' id='line_1_3' title="bbox 283 397 1591 452; baseline -0.002 -13"><span class='ocrx_word' id='word_1_3' title='bbox 283 399 484 440; x_wconf 75' lang='lat' dir='ltr'><strong>Codiccm</strong></span> <span class='ocrx_word' id='word_1_4' title='bbox 499 399 887 452; x_wconf 60' lang='lat' dir='ltr'><strong>:meergenscim</strong></span> <span class='ocrx_word' id='word_1_5' title='bbox 928 398 999 451; x_wconf 77' lang='lat' dir='ltr'><strong>qui</strong></span> <span class='ocrx_word' id='word_1_6' title='bbox 1016 397 1301 438; x_wconf 66' lang='lat' dir='ltr'><strong>‹Alschefsltio</strong></span> <span class='ocrx_word' id='word_1_7' title='bbox 1332 400 1446 437; x_wconf 72' lang='lat' dir='ltr'><strong>tanta</strong></span> <span class='ocrx_word' id='word_1_8' title='bbox 1465 397 1591 437; x_wconf 61' lang='lat' dir='ltr'><strong>’baud</strong></span> 
     </span>
     <span class='ocr_line' id='line_1_4' title="bbox 227 468 1590 522; baseline -0.001 -13"><span class='ocrx_word' id='word_1_9' title='bbox 227 468 744 522; x_wconf 73' lang='lat' dir='ltr'><strong>ulli-excepto·l¹uteaneo</strong></span> <span class='ocrx_word' id='word_1_10' title='bbox 774 468 881 508; x_wconf 64' lang='lat' dir='ltr'><strong>libro</strong></span> <span class='ocrx_word' id='word_1_11' title='bbox 910 468 1108 509; x_wconf 59' lang='lat' dir='ltr'><strong>bonitate·</strong></span> <span class='ocrx_word' id='word_1_12' title='bbox 1125 468 1331 509; x_wconf 68' lang='lat' dir='ltr'><strong>secundus</strong></span> <span class='ocrx_word' id='word_1_13' title='bbox 1359 471 1452 516; x_wconf 30' lang='lat' dir='ltr'><strong>estgv</strong></span> <span class='ocrx_word' id='word_1_14' title='bbox 1477 468 1590 519; x_wconf 78' lang='lat' dir='ltr'><strong>cqui-</strong></span> 
     </span>
     <span class='ocr_line' id='line_1_5' title="bbox 226 535 1591 591; baseline 0 -14"><span class='ocrx_word' id='word_1_15' title='bbox 226 538 324 577; x_wconf 84' lang='lat' dir='ltr'><strong>dem</strong></span> <span class='ocrx_word' id='word_1_16' title='bbox 353 535 441 578; x_wconf 78' lang='lat' dir='ltr'><strong>nou.</strong></span> <span class='ocrx_word' id='word_1_17' title='bbox 464 538 557 591; x_wconf 80' lang='lat' dir='ltr'><strong>ipse</strong></span> <span class='ocrx_word' id='word_1_18' title='bbox 587 538 779 590; x_wconf 68' lang='lat' dir='ltr'><strong>cognovi,</strong></span> <span class='ocrx_word' id='word_1_19' title='bbox 811 549 904 577; x_wconf 81' lang='lat' dir='ltr'><strong>cum</strong></span> <span class='ocrx_word' id='word_1_20' title='bbox 933 537 1022 577; x_wconf 79' lang='lat' dir='ltr'><strong>eius</strong></span> <span class='ocrx_word' id='word_1_21' title='bbox 1053 538 1280 589; x_wconf 82' lang='lat' dir='ltr'><strong>scripturas</strong></span> <span class='ocrx_word' id='word_1_22' title='bbox 1297 537 1591 590; x_wconf 63' lang='lat' dir='ltr'><strong>acciperemu—</strong></span> 
     </span>
     <span class='ocr_line' id='line_1_6' title="bbox 226 606 1591 660; baseline -0.001 -14"><span class='ocrx_word' id='word_1_23' title='bbox 226 607 406 658; x_wconf 83' lang='lat' dir='ltr'><strong>quirem3</strong></span> <span class='ocrx_word' id='word_1_24' title='bbox 437 607 547 646; x_wconf 87' lang='lat' dir='ltr'><strong>inter</strong></span> <span class='ocrx_word' id='word_1_25' title='bbox 577 606 754 660; x_wconf 89' lang='lat' dir='ltr'><strong>optimos</strong></span> <span class='ocrx_word' id='word_1_26' title='bbox 786 619 879 645; x_wconf 92' lang='lat' dir='ltr'><strong>eum</strong></span> <span class='ocrx_word' id='word_1_27' title='bbox 908 619 1004 645; x_wconf 88' lang='lat' dir='ltr'><strong>esse</strong></span> <span class='ocrx_word' id='word_1_28' title='bbox 1033 606 1300 645; x_wconf 85' lang='lat' dir='ltr'><strong>referendum</strong></span> <span class='ocrx_word' id='word_1_29' title='bbox 1331 619 1381 645; x_wconf 83' lang='lat' dir='ltr'><strong>ex</strong></span> <span class='ocrx_word' id='word_1_30' title='bbox 1410 607 1591 645; x_wconf 64' lang='lat' dir='ltr'><strong>iiszcon-</strong></span> 
     </span>
     <span class='ocr_line' id='line_1_7' title="bbox 226 674 1592 729; baseline -0.001 -14"><span class='ocrx_word' id='word_1_31' title='bbox 226 676 331 716; x_wconf 86' lang='lat' dir='ltr'><strong>clusi</strong></span> <span class='ocrx_word' id='word_1_32' title='bbox 367 682 472 729; x_wconf 66' lang='lat' dir='ltr'><strong>quae</strong></span> <span class='ocrx_word' id='word_1_33' title='bbox 509 677 578 718; x_wconf 87' lang='lat' dir='ltr'><strong>hic</strong></span> <span class='ocrx_word' id='word_1_34' title='bbox 600 676 703 717; x_wconf 59' lang='lat' dir='ltr'><strong>finio</strong></span> <span class='ocrx_word' id='word_1_35' title='bbox 739 678 903 715; x_wconf 71' lang='lat' dir='ltr'><strong>notata</strong></span> <span class='ocrx_word' id='word_1_36' title='bbox 897 674 1061 716; x_wconf 83' lang='lat' dir='ltr'><strong>inveni.</strong></span> <span class='ocrx_word' id='word_1_37' title='bbox 1107 676 1188 716; x_wconf 64' lang='lat' dir='ltr'><strong>-Etz</strong></span> <span class='ocrx_word' id='word_1_38' title='bbox 1210 676 1271 715; x_wconf 81' lang='lat' dir='ltr'><strong>hi</strong></span> <span class='ocrx_word' id='word_1_39' title='bbox 1293 675 1459 728; x_wconf 69' lang='lat' dir='ltr'><strong>quidem</strong></span> <span class='ocrx_word' id='word_1_40' title='bbox 1490 678 1592 714; x_wconf 70' lang='lat' dir='ltr'><strong>sunt</strong></span> 
     </span>
     <span class='ocr_line' id='line_1_8' title="bbox 225 744 1591 797; baseline 0 -13"><span class='ocrx_word' id='word_1_41' title='bbox 225 745 339 794; x_wconf 78' lang='lat' dir='ltr'><strong>libri,</strong></span> <span class='ocrx_word' id='word_1_42' title='bbox 371 757 543 797; x_wconf 81' lang='lat' dir='ltr'><strong>quorum</strong></span> <span class='ocrx_word' id='word_1_43' title='bbox 572 745 730 785; x_wconf 75' lang='lat' dir='ltr'><strong>auxilio</strong></span> <span class='ocrx_word' id='word_1_44' title='bbox 749 745 884 784; x_wconf 85' lang='lat' dir='ltr'><strong>tertia</strong></span> <span class='ocrx_word' id='word_1_45' title='bbox 897 745 1026 785; x_wconf 77' lang='lat' dir='ltr'><strong>decas</strong></span> <span class='ocrx_word' id='word_1_46' title='bbox 1064 746 1318 785; x_wconf 86' lang='lat' dir='ltr'><strong>emendanda</strong></span> <span class='ocrx_word' id='word_1_47' title='bbox 1347 748 1392 785; x_wconf 77' lang='lat' dir='ltr'><strong>et</strong></span> <span class='ocrx_word' id='word_1_48' title='bbox 1427 744 1479 784; x_wconf 91' lang='lat' dir='ltr'><strong>ad</strong></span> <span class='ocrx_word' id='word_1_49' title='bbox 1507 744 1591 797; x_wconf 82' lang='lat' dir='ltr'><strong>pri-</strong></span> 
     </span>
     <span class='ocr_line' id='line_1_9' title="bbox 226 815 1375 867; baseline -0.002 -13"><span class='ocrx_word' id='word_1_50' title='bbox 226 815 373 854; x_wconf 87' lang='lat' dir='ltr'><strong>stinam</strong></span> <span class='ocrx_word' id='word_1_51' title='bbox 402 815 576 854; x_wconf 86' lang='lat' dir='ltr'><strong>formam</strong></span> <span class='ocrx_word' id='word_1_52' title='bbox 604 815 842 867; x_wconf 85' lang='lat' dir='ltr'><strong>redigenda.</strong></span> <span class='ocrx_word' id='word_1_53' title='bbox 1329 823 1333 826; x_wconf 89' lang='grc'><strong><em>·</em></strong></span> <span class='ocrx_word' id='word_1_54' title='bbox 1370 822 1375 826; x_wconf 92' lang='grc'>’</span> 
     </span>
    </p>

    <p class='ocr_par' dir='ltr' id='par_1_4' title="bbox 222 883 1592 1548">
     <span class='ocr_line' id='line_1_10' title="bbox 280 883 1589 937; baseline 0 -14"><span class='ocrx_word' id='word_1_55' title='bbox 280 884 451 935; x_wconf 79' lang='lat' dir='ltr'><strong>Praeter</strong></span> <span class='ocrx_word' id='word_1_56' title='bbox 479 885 557 925; x_wconf 84' lang='lat' dir='ltr'><strong>hos</strong></span> <span class='ocrx_word' id='word_1_57' title='bbox 588 897 671 924; x_wconf 80' lang='lat' dir='ltr'><strong>non</strong></span> <span class='ocrx_word' id='word_1_58' title='bbox 688 884 808 937; x_wconf 82' lang='lat' dir='ltr'><strong>pauci</strong></span> <span class='ocrx_word' id='word_1_59' title='bbox 838 884 907 924; x_wconf 86' lang='lat' dir='ltr'><strong>alii</strong></span> <span class='ocrx_word' id='word_1_60' title='bbox 930 888 1026 923; x_wconf 86' lang='lat' dir='ltr'><strong>sunt</strong></span> <span class='ocrx_word' id='word_1_61' title='bbox 1055 883 1247 933; x_wconf 81' lang='lat' dir='ltr'><strong>codices,</strong></span> <span class='ocrx_word' id='word_1_62' title='bbox 1265 890 1437 936; x_wconf 71' lang='lat' dir='ltr'><strong>quorum</strong></span> <span class='ocrx_word' id='word_1_63' title='bbox 1453 887 1589 924; x_wconf 66' lang='lat' dir='ltr'><strong>umen</strong></span> 
     </span>
     <span class='ocr_line' id='line_1_11' title="bbox 225 952 1590 1006; baseline -0.001 -14"><span class='ocrx_word' id='word_1_64' title='bbox 225 953 456 1006; x_wconf 81' lang='lat' dir='ltr'>scripturae</span> <span class='ocrx_word' id='word_1_65' title='bbox 486 953 544 992; x_wconf 90' lang='lat' dir='ltr'><strong>ibi</strong></span> <span class='ocrx_word' id='word_1_66' title='bbox 574 956 728 992; x_wconf 83' lang='lat' dir='ltr'><strong>tantum</strong></span> <span class='ocrx_word' id='word_1_67' title='bbox 756 952 799 992; x_wconf 91' lang='lat' dir='ltr'><strong>in</strong></span> <span class='ocrx_word' id='word_1_68' title='bbox 828 957 987 1006; x_wconf 89' lang='lat' dir='ltr'><strong>partem</strong></span> <span class='ocrx_word' id='word_1_69' title='bbox 1016 953 1154 994; x_wconf 78' lang='lat' dir='ltr'><strong>vocari</strong></span> <span class='ocrx_word' id='word_1_70' title='bbox 1182 957 1379 1006; x_wconf 80' lang='lat' dir='ltr'><strong>possunt</strong></span> <span class='ocrx_word' id='word_1_71' title='bbox 1412 952 1484 992; x_wconf 91' lang='lat' dir='ltr'><strong>ubi</strong></span> <span class='ocrx_word' id='word_1_72' title='bbox 1512 952 1590 991; x_wconf 89' lang='lat' dir='ltr'><strong>Pu-</strong></span> 
     </span>
     <span class='ocr_line' id='line_1_12' title="bbox 224 1023 1589 1076; baseline -0.001 -14"><span class='ocrx_word' id='word_1_73' title='bbox 224 1028 332 1063; x_wconf 87' lang='lat' dir='ltr'><strong>tean.</strong></span> <span class='ocrx_word' id='word_1_74' title='bbox 362 1024 475 1066; x_wconf 88' lang='lat' dir='ltr'><strong>Flor</strong></span> <span class='ocrx_word' id='word_1_75' title='bbox 506 1023 721 1076; x_wconf 81' lang='lat' dir='ltr'><strong>Bamberg.</strong></span> <span class='ocrx_word' id='word_1_76' title='bbox 750 1023 948 1065; x_wconf 77' lang='lat' dir='ltr'><strong>cantabr.</strong></span> <span class='ocrx_word' id='word_1_77' title='bbox 980 1036 1064 1071; x_wconf 85' lang='lat' dir='ltr'><strong>nos</strong></span> <span class='ocrx_word' id='word_1_78' title='bbox 1096 1023 1310 1075; x_wconf 71' lang='lat' dir='ltr'><strong>deserunt,</strong></span> <span class='ocrx_word' id='word_1_79' title='bbox 1365 1023 1428 1064; x_wconf 84' lang='lat' dir='ltr'><strong>Ex</strong></span> <span class='ocrx_word' id='word_1_80' title='bbox 1456 1023 1589 1063; x_wconf 86' lang='lat' dir='ltr'><strong>tribus</strong></span> 
     </span>
     <span class='ocr_line' id='line_1_13' title="bbox 224 1080 1590 1145; baseline 0 -15"><span class='ocrx_word' id='word_1_81' title='bbox 224 1095 360 1131; x_wconf 82' lang='lat' dir='ltr'><strong>autem</strong></span> <span class='ocrx_word' id='word_1_82' title='bbox 388 1084 582 1141; x_wconf 77' lang='lat' dir='ltr'><strong>Palatinis</strong></span> <span class='ocrx_word' id='word_1_83' title='bbox 610 1092 730 1134; x_wconf 83' lang='lat' dir='ltr'><strong>libris</strong></span> <span class='ocrx_word' id='word_1_84' title='bbox 761 1080 966 1132; x_wconf 77' lang='lat' dir='ltr'><strong>secundus</strong></span> <span class='ocrx_word' id='word_1_85' title='bbox 1001 1092 1103 1133; x_wconf 83' lang='lat' dir='ltr'><strong>mihi</strong></span> <span class='ocrx_word' id='word_1_86' title='bbox 1127 1092 1301 1134; x_wconf 74' lang='lat' dir='ltr'><strong>videtur</strong></span> <span class='ocrx_word' id='word_1_87' title='bbox 1328 1092 1462 1145; x_wconf 79' lang='lat' dir='ltr'><strong>primo</strong></span> <span class='ocrx_word' id='word_1_88' title='bbox 1493 1104 1590 1130; x_wconf 87' lang='lat' dir='ltr'><strong>esse</strong></span> 
     </span>
     <span class='ocr_line' id='line_1_14' title="bbox 224 1160 1591 1215; baseline 0 -14"><span class='ocrx_word' id='word_1_89' title='bbox 224 1162 392 1212; x_wconf 84' lang='lat' dir='ltr'><strong>melior3</strong></span> <span class='ocrx_word' id='word_1_90' title='bbox 423 1174 557 1215; x_wconf 77' lang='lat' dir='ltr'><strong>neque</strong></span> <span class='ocrx_word' id='word_1_91' title='bbox 577 1160 1009 1207; x_wconf 59' lang='lat' dir='ltr'><strong>Vossiun.120v,eliani</strong></span> <span class='ocrx_word' id='word_1_92' title='bbox 1039 1162 1218 1215; x_wconf 82' lang='lat' dir='ltr'><strong>quinque</strong></span> <span class='ocrx_word' id='word_1_93' title='bbox 1248 1161 1499 1215; x_wconf 75' lang='lat' dir='ltr'>(praecipue</span> <span class='ocrx_word' id='word_1_94' title='bbox 1507 1161 1591 1214; x_wconf 90' lang='lat' dir='ltr'><strong>pri-</strong></span> 
     </span>
     <span class='ocr_line' id='line_1_15' title="bbox 223 1230 1590 1284; baseline 0 -14"><span class='ocrx_word' id='word_1_95' title='bbox 223 1231 339 1283; x_wconf 88' lang='lat' dir='ltr'><strong>mus)</strong></span> <span class='ocrx_word' id='word_1_96' title='bbox 376 1231 490 1284; x_wconf 88' lang='lat' dir='ltr'><strong>Lips.</strong></span> <span class='ocrx_word' id='word_1_97' title='bbox 530 1231 644 1271; x_wconf 83' lang='lat' dir='ltr'>Harl.</span> <span class='ocrx_word' id='word_1_98' title='bbox 683 1230 976 1271; x_wconf 87' lang='lat' dir='ltr'><strong>contemnendi</strong></span> <span class='ocrx_word' id='word_1_99' title='bbox 1014 1235 1109 1271; x_wconf 85' lang='lat' dir='ltr'><strong>sunt</strong></span> <span class='ocrx_word' id='word_1_100' title='bbox 1154 1231 1261 1271; x_wconf 86' lang='lat' dir='ltr'>libri.</span> <span class='ocrx_word' id='word_1_101' title='bbox 1321 1231 1452 1270; x_wconf 85' lang='lat' dir='ltr'><strong>Codd.</strong></span> <span class='ocrx_word' id='word_1_102' title='bbox 1491 1243 1590 1270; x_wconf 82' lang='lat' dir='ltr'><strong>vero</strong></span> 
     </span>
     <span class='ocr_line' id='line_1_16' title="bbox 222 1300 1592 1353; baseline 0.001 -14"><span class='ocrx_word' id='word_1_103' title='bbox 222 1300 408 1340; x_wconf 78' lang='lat' dir='ltr'><strong>Rhenan.</strong></span> <span class='ocrx_word' id='word_1_104' title='bbox 425 1300 608 1353; x_wconf 87' lang='lat' dir='ltr'><strong>(quicum</strong></span> <span class='ocrx_word' id='word_1_105' title='bbox 637 1314 719 1340; x_wconf 86' lang='lat' dir='ltr'><strong>non</strong></span> <span class='ocrx_word' id='word_1_106' title='bbox 748 1314 842 1340; x_wconf 85' lang='lat' dir='ltr'><strong>raro</strong></span> <span class='ocrx_word' id='word_1_107' title='bbox 857 1301 1066 1341; x_wconf 86' lang='lat' dir='ltr'><strong>Harleian.</strong></span> <span class='ocrx_word' id='word_1_108' title='bbox 1096 1302 1139 1341; x_wconf 88' lang='lat' dir='ltr'><strong>in</strong></span> <span class='ocrx_word' id='word_1_109' title='bbox 1170 1315 1220 1340; x_wconf 93' lang='lat' dir='ltr'><strong>eo</strong></span> <span class='ocrx_word' id='word_1_110' title='bbox 1252 1301 1461 1340; x_wconf 78' lang='lat' dir='ltr'><strong>consentit</strong></span> <span class='ocrx_word' id='word_1_111' title='bbox 1482 1300 1592 1352; x_wconf 89' lang='lat' dir='ltr'><strong>quod</strong></span> 
     </span>
     <span class='ocr_line' id='line_1_17' title="bbox 223 1370 1592 1421; baseline 0.001 -13"><span class='ocrx_word' id='word_1_112' title='bbox 223 1370 327 1409; x_wconf 87' lang='lat' dir='ltr'><strong>Livii</strong></span> <span class='ocrx_word' id='word_1_113' title='bbox 356 1371 500 1418; x_wconf 79' lang='lat' dir='ltr'><strong>verba,</strong></span> <span class='ocrx_word' id='word_1_114' title='bbox 539 1383 643 1421; x_wconf 85' lang='lat' dir='ltr'><strong>quae</strong></span> <span class='ocrx_word' id='word_1_115' title='bbox 682 1370 806 1408; x_wconf 89' lang='lat' dir='ltr'><strong>docto</strong></span> <span class='ocrx_word' id='word_1_116' title='bbox 843 1370 1004 1409; x_wconf 85' lang='lat' dir='ltr'><strong>cuidam</strong></span> <span class='ocrx_word' id='word_1_117' title='bbox 1041 1371 1210 1409; x_wconf 89' lang='lat' dir='ltr'><strong>librario</strong></span> <span class='ocrx_word' id='word_1_118' title='bbox 1241 1383 1324 1409; x_wconf 92' lang='lat' dir='ltr'><strong>non</strong></span> <span class='ocrx_word' id='word_1_119' title='bbox 1353 1370 1592 1409; x_wconf 86' lang='lat' dir='ltr'><strong>necessaria</strong></span> 
     </span>
     <span class='ocr_line' id='line_1_18' title="bbox 224 1439 1591 1492; baseline 0 -14"><span class='ocrx_word' id='word_1_120' title='bbox 224 1443 319 1478; x_wconf 90' lang='lat' dir='ltr'><strong>sunt</strong></span> <span class='ocrx_word' id='word_1_121' title='bbox 347 1439 445 1488; x_wconf 80' lang='lat' dir='ltr'><strong>visa,</strong></span> <span class='ocrx_word' id='word_1_122' title='bbox 477 1440 650 1492; x_wconf 88' lang='lat' dir='ltr'><strong>omittit)</strong></span> <span class='ocrx_word' id='word_1_123' title='bbox 689 1439 843 1479; x_wconf 87' lang='lat' dir='ltr'><strong>Recan.</strong></span> <span class='ocrx_word' id='word_1_124' title='bbox 873 1439 1055 1480; x_wconf 89' lang='lat' dir='ltr'><strong>Berolin.</strong></span> <span class='ocrx_word' id='word_1_125' title='bbox 1087 1439 1256 1481; x_wconf 83' lang='lat' dir='ltr'><strong>Gaertn.</strong></span> <span class='ocrx_word' id='word_1_126' title='bbox 1292 1452 1376 1479; x_wconf 90' lang='lat' dir='ltr'><strong>nou</strong></span> <span class='ocrx_word' id='word_1_127' title='bbox 1405 1451 1591 1492; x_wconf 80' lang='lat' dir='ltr'><strong>magnam</strong></span> 
     </span>
     <span class='ocr_line' id='line_1_19' title="bbox 222 1509 702 1548; baseline 0 -1"><span class='ocrx_word' id='word_1_128' title='bbox 222 1509 377 1548; x_wconf 89' lang='lat' dir='ltr'><strong>habent</strong></span> <span class='ocrx_word' id='word_1_129' title='bbox 405 1509 702 1548; x_wconf 86' lang='lat' dir='ltr'><strong>auctoritatem.</strong></span> 
     </span>
    </p>

    <p class='ocr_par' dir='ltr' id='par_1_5' title="bbox 221 1578 1591 1977">
     <span class='ocr_line' id='line_1_20' title="bbox 278 1578 1590 1618; baseline 0 -1"><span class='ocrx_word' id='word_1_130' title='bbox 278 1578 340 1617; x_wconf 90' lang='lat' dir='ltr'><strong>De</strong></span> <span class='ocrx_word' id='word_1_131' title='bbox 371 1578 619 1618; x_wconf 76' lang='lat' dir='ltr'><strong>editionibus</strong></span> <span class='ocrx_word' id='word_1_132' title='bbox 634 1578 811 1617; x_wconf 79' lang='lat' dir='ltr'><strong>Livianis</strong></span> <span class='ocrx_word' id='word_1_133' title='bbox 842 1591 908 1617; x_wconf 88' lang='lat' dir='ltr'><strong>me</strong></span> <span class='ocrx_word' id='word_1_134' title='bbox 937 1578 1006 1618; x_wconf 90' lang='lat' dir='ltr'><strong>hic</strong></span> <span class='ocrx_word' id='word_1_135' title='bbox 1024 1578 1165 1618; x_wconf 85' lang='lat' dir='ltr'><strong>dicere</strong></span> <span class='ocrx_word' id='word_1_136' title='bbox 1196 1591 1289 1618; x_wconf 91' lang='lat' dir='ltr'><strong>cum</strong></span> <span class='ocrx_word' id='word_1_137' title='bbox 1311 1590 1394 1617; x_wconf 88' lang='lat' dir='ltr'><strong>non</strong></span> <span class='ocrx_word' id='word_1_138' title='bbox 1412 1589 1590 1617; x_wconf 85' lang='lat' dir='ltr'><strong>necesse</strong></span> 
     </span>
     <span class='ocr_line' id='line_1_21' title="bbox 223 1647 1590 1701; baseline 0 -14"><span class='ocrx_word' id='word_1_139' title='bbox 223 1647 298 1696; x_wconf 83' lang='lat' dir='ltr'><strong>sit,</strong></span> <span class='ocrx_word' id='word_1_140' title='bbox 336 1648 518 1687; x_wconf 80' lang='lat' dir='ltr'><strong>breviter</strong></span> <span class='ocrx_word' id='word_1_141' title='bbox 546 1651 701 1688; x_wconf 90' lang='lat' dir='ltr'><strong>tantum</strong></span> <span class='ocrx_word' id='word_1_142' title='bbox 731 1660 880 1687; x_wconf 92' lang='lat' dir='ltr'><strong>moneo</strong></span> <span class='ocrx_word' id='word_1_143' title='bbox 917 1648 1015 1688; x_wconf 91' lang='lat' dir='ltr'><strong>edit.</strong></span> <span class='ocrx_word' id='word_1_144' title='bbox 1053 1648 1186 1701; x_wconf 89' lang='lat' dir='ltr'><strong>princ.</strong></span> <span class='ocrx_word' id='word_1_145' title='bbox 1225 1661 1276 1687; x_wconf 81' lang='lat' dir='ltr'><strong>ex</strong></span> <span class='ocrx_word' id='word_1_146' title='bbox 1312 1647 1480 1688; x_wconf 85' lang='lat' dir='ltr'><strong>officina</strong></span> <span class='ocrx_word' id='word_1_147' title='bbox 1515 1647 1590 1687; x_wconf 85' lang='lat' dir='ltr'><strong>Ar-</strong></span> 
     </span>
     <span class='ocr_line' id='line_1_22' title="bbox 222 1713 1591 1770; baseline 0 -13"><span class='ocrx_word' id='word_1_148' title='bbox 222 1717 336 1757; x_wconf 89' lang='lat' dir='ltr'><strong>noldi</strong></span> <span class='ocrx_word' id='word_1_149' title='bbox 376 1717 608 1757; x_wconf 87' lang='lat' dir='ltr'><strong>Pannartzii</strong></span> <span class='ocrx_word' id='word_1_150' title='bbox 651 1722 694 1757; x_wconf 86' lang='lat' dir='ltr'><strong>et</strong></span> <span class='ocrx_word' id='word_1_151' title='bbox 729 1717 852 1757; x_wconf 87' lang='lat' dir='ltr'><strong>Conr.</strong></span> <span class='ocrx_word' id='word_1_152' title='bbox 901 1718 1193 1770; x_wconf 82' lang='lat' dir='ltr'><strong>Sueynheymii</strong></span> <span class='ocrx_word' id='word_1_153' title='bbox 1237 1717 1358 1757; x_wconf 89' lang='lat' dir='ltr'><strong>Rom.</strong></span> <span class='ocrx_word' id='word_1_154' title='bbox 1398 1731 1433 1757; x_wconf 90' lang='lat' dir='ltr'><strong>a.</strong></span> <span class='ocrx_word' id='word_1_155' title='bbox 1478 1713 1591 1757; x_wconf 81' lang='grc'><strong>1469</strong></span> 
     </span>
     <span class='ocr_line' id='line_1_23' title="bbox 221 1783 1591 1839; baseline 0.001 -14"><span class='ocrx_word' id='word_1_156' title='bbox 221 1787 431 1839; x_wconf 81' lang='lat' dir='ltr'><strong>prodiisse</strong></span> <span class='ocrx_word' id='word_1_157' title='bbox 468 1790 512 1825; x_wconf 87' lang='lat' dir='ltr'><strong>et</strong></span> <span class='ocrx_word' id='word_1_158' title='bbox 547 1787 722 1839; x_wconf 86' lang='lat' dir='ltr'><strong>optimas</strong></span> <span class='ocrx_word' id='word_1_159' title='bbox 765 1791 863 1839; x_wconf 88' lang='lat' dir='ltr'><strong>post</strong></span> <span class='ocrx_word' id='word_1_160' title='bbox 908 1800 999 1825; x_wconf 87' lang='lat' dir='ltr'><strong>eam</strong></span> <span class='ocrx_word' id='word_1_161' title='bbox 1034 1799 1131 1826; x_wconf 84' lang='lat' dir='ltr'><strong>esse</strong></span> <span class='ocrx_word' id='word_1_162' title='bbox 1168 1786 1361 1839; x_wconf 62' lang='lat' dir='ltr'><strong>Moguut.›</strong></span> <span class='ocrx_word' id='word_1_163' title='bbox 1401 1800 1437 1826; x_wconf 90' lang='lat' dir='ltr'><strong>a.</strong></span> <span class='ocrx_word' id='word_1_164' title='bbox 1478 1783 1591 1826; x_wconf 84' lang='lat'>1518</span> 
     </span>
     <span class='ocr_line' id='line_1_24' title="bbox 224 1855 1589 1908; baseline 0.001 -14"><span class='ocrx_word' id='word_1_165' title='bbox 224 1856 333 1894; x_wconf 87' lang='lat' dir='ltr'><strong>curis</strong></span> <span class='ocrx_word' id='word_1_166' title='bbox 363 1856 497 1895; x_wconf 89' lang='lat' dir='ltr'><strong>Nicol.</strong></span> <span class='ocrx_word' id='word_1_167' title='bbox 528 1856 744 1895; x_wconf 87' lang='lat' dir='ltr'><strong>Carbachii</strong></span> <span class='ocrx_word' id='word_1_168' title='bbox 775 1860 818 1895; x_wconf 85' lang='lat' dir='ltr'><strong>et</strong></span> <span class='ocrx_word' id='word_1_169' title='bbox 836 1855 1057 1908; x_wconf 81' lang='lat' dir='ltr'><strong>Vulfgangi</strong></span> <span class='ocrx_word' id='word_1_170' title='bbox 1072 1856 1245 1907; x_wconf 78' lang='lat' dir='ltr'><strong>Augusti</strong></span> <span class='ocrx_word' id='word_1_171' title='bbox 1275 1856 1439 1905; x_wconf 78' lang='lat' dir='ltr'><strong>editam,</strong></span> <span class='ocrx_word' id='word_1_172' title='bbox 1453 1855 1589 1896; x_wconf 74' lang='lat' dir='ltr'><strong>Banu.</strong></span> 
     </span>
     <span class='ocr_line' id='line_1_25' title="bbox 225 1921 1423 1977; baseline 0.001 -13"><span class='ocrx_word' id='word_1_173' title='bbox 225 1921 335 1964; x_wconf 85' lang='lat'>1535</span> <span class='ocrx_word' id='word_1_174' title='bbox 366 1938 416 1963; x_wconf 82' lang='lat' dir='ltr'><strong>ex</strong></span> <span class='ocrx_word' id='word_1_175' title='bbox 444 1924 641 1965; x_wconf 88' lang='lat' dir='ltr'><strong>Frobenii</strong></span> <span class='ocrx_word' id='word_1_176' title='bbox 672 1924 838 1964; x_wconf 87' lang='lat' dir='ltr'><strong>officina</strong></span> <span class='ocrx_word' id='word_1_177' title='bbox 868 1929 911 1964; x_wconf 89' lang='lat' dir='ltr'><strong>et</strong></span> <span class='ocrx_word' id='word_1_178' title='bbox 940 1925 1201 1977; x_wconf 84' lang='lat' dir='ltr'><strong>Sigonianam</strong></span> <span class='ocrx_word' id='word_1_179' title='bbox 1231 1938 1266 1965; x_wconf 90' lang='lat' dir='ltr'><strong>a.</strong></span> <span class='ocrx_word' id='word_1_180' title='bbox 1300 1922 1423 1965; x_wconf 84' lang='lat'>1555.</span> 
     </span>
    </p>

    <p class='ocr_par' dir='ltr' id='par_1_6' title="bbox 188 1993 1589 2592">
     <span class='ocr_line' id='line_1_26' title="bbox 278 1993 1589 2047; baseline 0.001 -15"><span class='ocrx_word' id='word_1_181' title='bbox 278 1993 314 2032; x_wconf 89' lang='lat' dir='ltr'><strong>J.</strong></span> <span class='ocrx_word' id='word_1_182' title='bbox 345 1994 414 2033; x_wconf 90' lang='lat' dir='ltr'><strong>Fr.</strong></span> <span class='ocrx_word' id='word_1_183' title='bbox 433 1993 684 2033; x_wconf 75' lang='lat' dir='ltr'><strong>Gronovium</strong></span> <span class='ocrx_word' id='word_1_184' title='bbox 712 1994 983 2033; x_wconf 79' lang='lat' dir='ltr'><strong>immortalem</strong></span> <span class='ocrx_word' id='word_1_185' title='bbox 1014 1995 1094 2033; x_wconf 87' lang='lat' dir='ltr'><strong>sibi</strong></span> <span class='ocrx_word' id='word_1_186' title='bbox 1124 2007 1387 2047; x_wconf 75' lang='lat' dir='ltr'><strong>comparasse</strong></span> <span class='ocrx_word' id='word_1_187' title='bbox 1416 1994 1589 2047; x_wconf 81' lang='lat' dir='ltr'><strong>gloriam</strong></span> 
     </span>
     <span class='ocr_line' id='line_1_27' title="bbox 222 2062 1588 2116; baseline 0.001 -15"><span class='ocrx_word' id='word_1_188' title='bbox 222 2063 384 2102; x_wconf 84' lang='lat' dir='ltr'><strong>observ.</strong></span> <span class='ocrx_word' id='word_1_189' title='bbox 417 2062 695 2103; x_wconf 83' lang='lat' dir='ltr'><strong>critt.Livian.</strong></span> <span class='ocrx_word' id='word_1_190' title='bbox 726 2063 836 2102; x_wconf 88' lang='lat' dir='ltr'><strong>inter</strong></span> <span class='ocrx_word' id='word_1_191' title='bbox 865 2076 1009 2102; x_wconf 90' lang='lat' dir='ltr'><strong>omnes</strong></span> <span class='ocrx_word' id='word_1_192' title='bbox 1040 2067 1223 2113; x_wconf 82' lang='lat' dir='ltr'><strong>constat3</strong></span> <span class='ocrx_word' id='word_1_193' title='bbox 1254 2076 1389 2116; x_wconf 83' lang='lat' dir='ltr'><strong>neque</strong></span> <span class='ocrx_word' id='word_1_194' title='bbox 1407 2063 1588 2103; x_wconf 87' lang='lat' dir='ltr'><strong>Draken-</strong></span> 
     </span>
     <span class='ocr_line' id='line_1_28' title="bbox 221 2132 1588 2186; baseline 0.001 -15"><span class='ocrx_word' id='word_1_195' title='bbox 221 2132 383 2171; x_wconf 85' lang='lat' dir='ltr'><strong>borchii</strong></span> <span class='ocrx_word' id='word_1_196' title='bbox 413 2132 666 2185; x_wconf 79' lang='lat' dir='ltr'><strong>diligentiam</strong></span> <span class='ocrx_word' id='word_1_197' title='bbox 703 2133 816 2185; x_wconf 82' lang='lat' dir='ltr'><strong>parvi</strong></span> <span class='ocrx_word' id='word_1_198' title='bbox 853 2133 1083 2172; x_wconf 85' lang='lat' dir='ltr'><strong>habendam</strong></span> <span class='ocrx_word' id='word_1_199' title='bbox 1114 2146 1211 2173; x_wconf 90' lang='lat' dir='ltr'><strong>esse</strong></span> <span class='ocrx_word' id='word_1_200' title='bbox 1250 2134 1386 2173; x_wconf 91' lang='lat' dir='ltr'><strong>sciunt</strong></span> <span class='ocrx_word' id='word_1_201' title='bbox 1423 2133 1492 2186; x_wconf 88' lang='lat' dir='ltr'><strong>qui</strong></span> <span class='ocrx_word' id='word_1_202' title='bbox 1520 2132 1588 2173; x_wconf 89' lang='lat' dir='ltr'><strong>Li-</strong></span> 
     </span>
     <span class='ocr_line' id='line_1_29' title="bbox 219 2202 1586 2256; baseline 0.002 -15"><span class='ocrx_word' id='word_1_203' title='bbox 219 2202 326 2254; x_wconf 85' lang='lat' dir='ltr'><strong>vium</strong></span> <span class='ocrx_word' id='word_1_204' title='bbox 356 2207 583 2252; x_wconf 89' lang='lat' dir='ltr'><strong>noverunt;</strong></span> <span class='ocrx_word' id='word_1_205' title='bbox 620 2204 916 2244; x_wconf 87' lang='lat' dir='ltr'><strong>Bekkerianam</strong></span> <span class='ocrx_word' id='word_1_206' title='bbox 955 2203 1134 2256; x_wconf 84' lang='lat' dir='ltr'><strong>denique</strong></span> <span class='ocrx_word' id='word_1_207' title='bbox 1173 2204 1398 2244; x_wconf 88' lang='lat' dir='ltr'><strong>editionem</strong></span> <span class='ocrx_word' id='word_1_208' title='bbox 1434 2203 1586 2256; x_wconf 80' lang='lat' dir='ltr'><strong>ubique</strong></span> 
     </span>
     <span class='ocr_line' id='line_1_30' title="bbox 188 2272 1586 2326; baseline 0.002 -16"><span class='ocrx_word' id='word_1_209' title='bbox 188 2304 191 2308; x_wconf 89' lang='lat'>.</span> <span class='ocrx_word' id='word_1_210' title='bbox 220 2272 523 2325; x_wconf 85' lang='lat' dir='ltr'><strong>respiciendam</strong></span> <span class='ocrx_word' id='word_1_211' title='bbox 552 2285 649 2312; x_wconf 87' lang='lat' dir='ltr'><strong>esse</strong></span> <span class='ocrx_word' id='word_1_212' title='bbox 678 2286 761 2312; x_wconf 88' lang='lat' dir='ltr'><strong>non</strong></span> <span class='ocrx_word' id='word_1_213' title='bbox 791 2274 982 2325; x_wconf 86' lang='lat' dir='ltr'><strong>estquod</strong></span> <span class='ocrx_word' id='word_1_214' title='bbox 1002 2286 1208 2323; x_wconf 81' lang='lat' dir='ltr'><strong>moneam,</strong></span> <span class='ocrx_word' id='word_1_215' title='bbox 1240 2287 1480 2326; x_wconf 86' lang='lat' dir='ltr'><strong>quamquam</strong></span> <span class='ocrx_word' id='word_1_216' title='bbox 1502 2286 1586 2313; x_wconf 87' lang='lat' dir='ltr'><strong>non</strong></span> 
     </span>
     <span class='ocr_line' id='line_1_31' title="bbox 221 2342 1586 2397; baseline 0.002 -17"><span class='ocrx_word' id='word_1_217' title='bbox 221 2355 312 2380; x_wconf 87' lang='lat' dir='ltr'><strong>eam</strong></span> <span class='ocrx_word' id='word_1_218' title='bbox 339 2342 515 2394; x_wconf 87' lang='lat' dir='ltr'><strong>praebet</strong></span> <span class='ocrx_word' id='word_1_219' title='bbox 549 2342 767 2381; x_wconf 82' lang='lat' dir='ltr'><strong>utilitatem</strong></span> <span class='ocrx_word' id='word_1_220' title='bbox 806 2356 924 2394; x_wconf 85' lang='lat' dir='ltr'><strong>quam</strong></span> <span class='ocrx_word' id='word_1_221' title='bbox 960 2343 1135 2382; x_wconf 86' lang='lat' dir='ltr'><strong>forsitan</strong></span> <span class='ocrx_word' id='word_1_222' title='bbox 1165 2348 1376 2397; x_wconf 78' lang='lat' dir='ltr'><strong>expectes,</strong></span> <span class='ocrx_word' id='word_1_223' title='bbox 1434 2343 1586 2395; x_wconf 77' lang='lat' dir='ltr'><strong>Kreys-</strong></span> 
     </span>
     <span class='ocr_line' id='line_1_32' title="bbox 221 2412 1587 2466; baseline 0.001 -15"><span class='ocrx_word' id='word_1_224' title='bbox 221 2412 315 2464; x_wconf 85' lang='lat' dir='ltr'><strong>sigii</strong></span> <span class='ocrx_word' id='word_1_225' title='bbox 344 2415 558 2464; x_wconf 86' lang='lat' dir='ltr'><strong>postremo</strong></span> <span class='ocrx_word' id='word_1_226' title='bbox 588 2412 812 2452; x_wconf 88' lang='lat' dir='ltr'><strong>editionem</strong></span> <span class='ocrx_word' id='word_1_227' title='bbox 834 2416 1113 2465; x_wconf 77' lang='lat' dir='ltr'><strong>stereotypam</strong></span> <span class='ocrx_word' id='word_1_228' title='bbox 1143 2414 1334 2465; x_wconf 87' lang='lat' dir='ltr'><strong>equidem</strong></span> <span class='ocrx_word' id='word_1_229' title='bbox 1362 2417 1587 2466; x_wconf 87' lang='lat' dir='ltr'><strong>propterea</strong></span> 
     </span>
     <span class='ocr_line' id='line_1_33' title="bbox 218 2480 1588 2534; baseline 0.002 -15"><span class='ocrx_word' id='word_1_230' title='bbox 218 2481 386 2532; x_wconf 80' lang='lat' dir='ltr'><strong>respexi</strong></span> <span class='ocrx_word' id='word_1_231' title='bbox 423 2480 533 2532; x_wconf 88' lang='lat' dir='ltr'><strong>quod</strong></span> <span class='ocrx_word' id='word_1_232' title='bbox 568 2481 620 2520; x_wconf 90' lang='lat' dir='ltr'><strong>ad</strong></span> <span class='ocrx_word' id='word_1_233' title='bbox 657 2481 777 2520; x_wconf 88' lang='lat' dir='ltr'><strong>codd.</strong></span> <span class='ocrx_word' id='word_1_234' title='bbox 814 2481 1029 2534; x_wconf 82' lang='lat' dir='ltr'><strong>Bamberg.</strong></span> <span class='ocrx_word' id='word_1_235' title='bbox 1061 2486 1105 2521; x_wconf 87' lang='lat' dir='ltr'><strong>ct</strong></span> <span class='ocrx_word' id='word_1_236' title='bbox 1132 2481 1309 2522; x_wconf 89' lang='lat' dir='ltr'><strong>Vindob.</strong></span> <span class='ocrx_word' id='word_1_237' title='bbox 1339 2482 1464 2522; x_wconf 84' lang='lat' dir='ltr'><strong>fidem</strong></span> <span class='ocrx_word' id='word_1_238' title='bbox 1495 2494 1588 2534; x_wconf 79' lang='lat' dir='ltr'><strong>pas-</strong></span> 
     </span>
     <span class='ocr_line' id='line_1_34' title="bbox 221 2549 578 2592; baseline 0.008 -3"><span class='ocrx_word' id='word_1_239' title='bbox 221 2549 304 2590; x_wconf 33' lang='lat' dir='ltr'><strong>sim*</strong></span> <span class='ocrx_word' id='word_1_240' title='bbox 327 2551 472 2591; x_wconf 81' lang='lat' dir='ltr'><strong>&#39;reficta</strong></span> <span class='ocrx_word' id='word_1_241' title='bbox 501 2554 578 2592; x_wconf 85' lang='lat' dir='ltr'><strong>est.</strong></span> 
     </span>
    </p>

    <p class='ocr_par' dir='ltr' id='par_1_7' title="bbox 275 2619 1585 2663">
     <span class='ocr_line' id='line_1_35' title="bbox 275 2619 1585 2663; baseline 0.002 -4"><span class='ocrx_word' id='word_1_242' title='bbox 275 2619 353 2659; x_wconf 89' lang='lat' dir='ltr'><strong>His</strong></span> <span class='ocrx_word' id='word_1_243' title='bbox 383 2621 565 2660; x_wconf 84' lang='lat' dir='ltr'><strong>breviter</strong></span> <span class='ocrx_word' id='word_1_244' title='bbox 593 2621 738 2660; x_wconf 87' lang='lat' dir='ltr'><strong>addam</strong></span> <span class='ocrx_word' id='word_1_245' title='bbox 766 2621 906 2661; x_wconf 88' lang='lat' dir='ltr'><strong>Fabrii</strong></span> <span class='ocrx_word' id='word_1_246' title='bbox 944 2622 1142 2662; x_wconf 88' lang='lat' dir='ltr'><strong>librorum</strong></span> <span class='ocrx_word' id='word_1_247' title='bbox 1170 2621 1471 2663; x_wconf 84' lang='lat' dir='ltr'><strong>XXI—XXIV</strong></span> <span class='ocrx_word' id='word_1_248' title='bbox 1500 2621 1585 2662; x_wconf 89' lang='lat' dir='ltr'><strong>edi-</strong></span> 
     </span>
    </p>
   </div>
   <div class='ocr_carea' id='block_1_4' title="bbox 218 2689 1588 2746">
    <p class='ocr_par' dir='ltr' id='par_1_8' title="bbox 218 2689 1588 2746">
     <span class='ocr_line' id='line_1_36' title="bbox 218 2689 1588 2746; baseline 0.002 -16"><span class='ocrx_word' id='word_1_249' title='bbox 218 2689 375 2731; x_wconf 89' lang='lat' dir='ltr'><strong>tionem</strong></span> <span class='ocrx_word' id='word_1_250' title='bbox 410 2693 455 2731; x_wconf 88' lang='lat' dir='ltr'><strong>et</strong></span> <span class='ocrx_word' id='word_1_251' title='bbox 490 2690 600 2744; x_wconf 89' lang='lat' dir='ltr'><strong>quod</strong></span> <span class='ocrx_word' id='word_1_252' title='bbox 636 2691 1020 2745; x_wconf 84' lang='lat' dir='ltr'><strong>interpretationem</strong></span> <span class='ocrx_word' id='word_1_253' title='bbox 1057 2695 1100 2733; x_wconf 84' lang='lat' dir='ltr'><strong>et</strong></span> <span class='ocrx_word' id='word_1_254' title='bbox 1139 2692 1248 2746; x_wconf 89' lang='lat' dir='ltr'><strong>quod</strong></span> <span class='ocrx_word' id='word_1_255' title='bbox 1269 2705 1375 2734; x_wconf 90' lang='lat' dir='ltr'><strong>-rem</strong></span> <span class='ocrx_word' id='word_1_256' title='bbox 1404 2692 1588 2733; x_wconf 79' lang='lat' dir='ltr'><strong>criticam</strong></span> 
     </span>
    </p>
   </div>
   <div class='ocr_carea' id='block_1_5' title="bbox 0 3165 1109 3190">
    <p class='ocr_par' dir='ltr' id='par_1_9' title="bbox 0 3165 1109 3190">
     <span class='ocr_line' id='line_1_37' title="bbox 0 3165 1109 3190; baseline 0 0"><span class='ocrx_word' id='word_1_257' title='bbox 0 3174 408 3190; x_wconf 26' lang='lat' dir='ltr'><strong>mmmssfflnss..m„</strong></span> <span class='ocrx_word' id='word_1_258' title='bbox 417 3185 427 3190; x_wconf 47' lang='lat'><em>2</em></span> <span class='ocrx_word' id='word_1_259' title='bbox 437 3186 457 3190; x_wconf 39' lang='grc' dir='ltr'><strong>Μ.</strong></span> <span class='ocrx_word' id='word_1_260' title='bbox 465 3185 473 3190; x_wconf 41' lang='lat' dir='ltr'><strong>a</strong></span> <span class='ocrx_word' id='word_1_261' title='bbox 481 3185 486 3190; x_wconf 82' lang='lat'><em>.</em></span> <span class='ocrx_word' id='word_1_262' title='bbox 499 3186 502 3190; x_wconf 31' lang='grc' dir='ltr'><strong>Α</strong></span> <span class='ocrx_word' id='word_1_263' title='bbox 514 3186 529 3190; x_wconf 92' lang='grc'><strong>..</strong></span> <span class='ocrx_word' id='word_1_264' title='bbox 549 3182 581 3190; x_wconf 40' lang='grc' dir='ltr'><strong>,ω</strong></span> <span class='ocrx_word' id='word_1_265' title='bbox 591 3186 593 3189; x_wconf 68' lang='grc'>,</span> <span class='ocrx_word' id='word_1_266' title='bbox 603 3176 923 3190; x_wconf 48' lang='grc' dir='ltr'><strong>.,,μ.,;ι.«.;»ιΔα-..-....;ι4μ.;ε-ι,υ.</strong></span> <span class='ocrx_word' id='word_1_267' title='bbox 935 3165 944 3190; x_wconf 73' lang='grc'><strong>’,</strong></span> <span class='ocrx_word' id='word_1_268' title='bbox 975 3184 983 3190; x_wconf 64' lang='grc'><strong>».</strong></span> <span class='ocrx_word' id='word_1_269' title='bbox 999 3185 1021 3190; x_wconf 44' lang='grc' dir='ltr'><strong>Η,</strong></span> <span class='ocrx_word' id='word_1_270' title='bbox 1030 3185 1067 3190; x_wconf 43' lang='grc' dir='ltr'><strong>ω...</strong></span> <span class='ocrx_word' id='word_1_271' title='bbox 1104 3188 1109 3190; x_wconf 65' lang='grc'><strong>,</strong></span> 
     </span>
    </p>
   </div>
  </div>
 </body>
</html>
