<?xml version="1.0" encoding="UTF-8"?>
<!DOCTYPE html PUBLIC "-//W3C//DTD XHTML 1.0 Transitional//EN"
    "http://www.w3.org/TR/xhtml1/DTD/xhtml1-transitional.dtd">
<html xmlns="http://www.w3.org/1999/xhtml" xml:lang="en" lang="en">
 <head>
  <title>
</title>
<meta http-equiv="Content-Type" content="text/html;charset=utf-8" />
  <meta name='ocr-system' content='tesseract 3.04.00' />
  <meta name='ocr-capabilities' content='ocr_page ocr_carea ocr_par ocr_line ocrx_word'/>
</head>
<body>
  <div class='ocr_page' id='page_1' title='image "4738014_0075.png"; bbox 0 0 1890 3190; ppageno 0'>
   <div class='ocr_carea' id='block_1_1' title="bbox 0 0 241 56">
    <p class='ocr_par' dir='ltr' id='par_1_1' title="bbox 0 0 241 56">
     <span class='ocr_line' id='line_1_1' title="bbox 0 0 241 56; baseline 0 3134"><span class='ocrx_word' id='word_1_1' title='bbox 0 0 241 56; x_wconf 95' lang='lat' dir='ltr'><strong> </strong></span> 
     </span>
    </p>
   </div>
   <div class='ocr_carea' id='block_1_2' title="bbox 858 203 938 274">
    <p class='ocr_par' dir='ltr' id='par_1_2' title="bbox 858 203 938 274">
     <span class='ocr_line' id='line_1_2' title="bbox 858 203 938 274; baseline 0 0"><span class='ocrx_word' id='word_1_2' title='bbox 858 203 938 274; x_wconf 71' lang='grc'><strong>65</strong></span> 
     </span>
    </p>
   </div>
   <div class='ocr_carea' id='block_1_3' title="bbox 769 269 1042 282">
    <p class='ocr_par' dir='ltr' id='par_1_3' title="bbox 769 269 1042 282">
     <span class='ocr_line' id='line_1_3' title="bbox 769 269 1042 282; baseline 0 2908"><span class='ocrx_word' id='word_1_3' title='bbox 769 269 1042 282; x_wconf 95' lang='lat' dir='ltr'><strong> </strong></span> 
     </span>
    </p>
   </div>
   <div class='ocr_carea' id='block_1_4' title="bbox 212 367 1598 1455">
    <p class='ocr_par' dir='ltr' id='par_1_4' title="bbox 212 367 1598 698">
     <span class='ocr_line' id='line_1_4' title="bbox 215 367 1598 430; baseline 0.001 -24"><span class='ocrx_word' id='word_1_4' title='bbox 215 385 262 407; x_wconf 74' lang='lat' dir='ltr'><strong>eo</strong></span> <span class='ocrx_word' id='word_1_5' title='bbox 292 372 431 407; x_wconf 73' lang='lat' dir='ltr'><strong>cinere</strong></span> <span class='ocrx_word' id='word_1_6' title='bbox 461 370 647 418; x_wconf 77' lang='lat' dir='ltr'><strong>praebet.</strong></span> <span class='ocrx_word' id='word_1_7' title='bbox 677 370 878 430; x_wconf 81' lang='lat' dir='ltr'><strong>Fortasse</strong></span> <span class='ocrx_word' id='word_1_8' title='bbox 917 367 1150 416; x_wconf 70' lang='lat' dir='ltr'>Gronovius</span> <span class='ocrx_word' id='word_1_9' title='bbox 1181 367 1413 430; x_wconf 75' lang='lat' dir='ltr'><strong>significare</strong></span> <span class='ocrx_word' id='word_1_10' title='bbox 1441 369 1598 408; x_wconf 74' lang='lat' dir='ltr'><strong>tantum</strong></span> 
     </span>
     <span class='ocr_line' id='line_1_5' title="bbox 214 431 1598 493; baseline -0.004 -17"><span class='ocrx_word' id='word_1_11' title='bbox 214 435 377 480; x_wconf 58' lang='lat' dir='ltr'><strong>solebat</strong></span> <span class='ocrx_word' id='word_1_12' title='bbox 408 434 529 476; x_wconf 84' lang='lat' dir='ltr'><strong>codd.</strong></span> <span class='ocrx_word' id='word_1_13' title='bbox 573 431 760 493; x_wconf 78' lang='lat' dir='ltr'><strong>Gallicos</strong></span> <span class='ocrx_word' id='word_1_14' title='bbox 791 446 873 474; x_wconf 91' lang='lat' dir='ltr'><strong>non</strong></span> <span class='ocrx_word' id='word_1_15' title='bbox 884 432 1061 473; x_wconf 81' lang='lat' dir='ltr'><strong>habere</strong></span> <span class='ocrx_word' id='word_1_16' title='bbox 1091 434 1282 483; x_wconf 76' lang='lat' dir='ltr'><strong>iecinore,</strong></span> <span class='ocrx_word' id='word_1_17' title='bbox 1317 433 1433 485; x_wconf 90' lang='lat' dir='ltr'><strong>quod</strong></span> <span class='ocrx_word' id='word_1_18' title='bbox 1477 436 1598 471; x_wconf 77' lang='lat' dir='ltr'><strong>antea</strong></span> 
     </span>
     <span class='ocr_line' id='line_1_6' title="bbox 215 503 1596 565; baseline -0.001 -18"><span class='ocrx_word' id='word_1_19' title='bbox 215 509 414 562; x_wconf 73' lang='lat' dir='ltr'><strong>scriptum</strong></span> <span class='ocrx_word' id='word_1_20' title='bbox 446 512 557 565; x_wconf 83' lang='lat' dir='ltr'><strong>erat,</strong></span> <span class='ocrx_word' id='word_1_21' title='bbox 594 508 671 546; x_wconf 84' lang='lat' dir='ltr'><strong>sed</strong></span> <span class='ocrx_word' id='word_1_22' title='bbox 700 509 777 547; x_wconf 81' lang='lat' dir='ltr'><strong>ioc.</strong></span> <span class='ocrx_word' id='word_1_23' title='bbox 824 506 979 547; x_wconf 87' lang='lat' dir='ltr'><strong>Omnes</strong></span> <span class='ocrx_word' id='word_1_24' title='bbox 1011 503 1196 546; x_wconf 78' lang='lat' dir='ltr'><strong>Gallicos</strong></span> <span class='ocrx_word' id='word_1_25' title='bbox 1228 509 1271 546; x_wconf 83' lang='lat' dir='ltr'><strong>et</strong></span> <span class='ocrx_word' id='word_1_26' title='bbox 1299 503 1423 547; x_wconf 80' lang='lat' dir='ltr'><strong>Voss.</strong></span> <span class='ocrx_word' id='word_1_27' title='bbox 1454 506 1596 546; x_wconf 74' lang='lat' dir='ltr'><strong>iocine-</strong></span> 
     </span>
     <span class='ocr_line' id='line_1_7' title="bbox 212 558 1596 646; baseline -0.002 -32"><span class='ocrx_word' id='word_1_28' title='bbox 212 576 271 615; x_wconf 77' lang='lat' dir='ltr'><strong>ris</strong></span> <span class='ocrx_word' id='word_1_29' title='bbox 302 574 500 616; x_wconf 81' lang='lat' dir='ltr'><strong>exhibere</strong></span> <span class='ocrx_word' id='word_1_30' title='bbox 530 574 624 629; x_wconf 84' lang='lat' dir='ltr'><strong>ipse</strong></span> <span class='ocrx_word' id='word_1_31' title='bbox 664 573 845 613; x_wconf 72' lang='lat' dir='ltr'><strong>Gronov,</strong></span> <span class='ocrx_word' id='word_1_32' title='bbox 883 571 1013 613; x_wconf 86' lang='lat' dir='ltr'><strong>XXX.</strong></span> <span class='ocrx_word' id='word_1_33' title='bbox 1042 558 1195 641; x_wconf 87' lang='grc'><strong>2,13</strong></span> <span class='ocrx_word' id='word_1_34' title='bbox 1221 574 1419 622; x_wconf 76' lang='lat' dir='ltr'><strong>testatur,</strong></span> <span class='ocrx_word' id='word_1_35' title='bbox 1423 566 1596 646; x_wconf 83' lang='lat' dir='ltr'><strong>quibus</strong></span> 
     </span>
     <span class='ocr_line' id='line_1_8' title="bbox 217 643 787 698; baseline 0.004 -15"><span class='ocrx_word' id='word_1_36' title='bbox 217 646 340 685; x_wconf 86' lang='lat' dir='ltr'><strong>codd.</strong></span> <span class='ocrx_word' id='word_1_37' title='bbox 370 647 484 686; x_wconf 86' lang='lat' dir='ltr'><strong>Flor.</strong></span> <span class='ocrx_word' id='word_1_38' title='bbox 517 646 737 685; x_wconf 80' lang='lat' dir='ltr'><strong>consentit.</strong></span> <span class='ocrx_word' id='word_1_39' title='bbox 746 643 787 698; x_wconf 85' lang='lat'><strong>*)</strong></span> 
     </span>
    </p>

    <p class='ocr_par' dir='ltr' id='par_1_5' title="bbox 213 711 1597 1111">
     <span class='ocr_line' id='line_1_9' title="bbox 272 711 1596 766; baseline -0.002 -14"><span class='ocrx_word' id='word_1_40' title='bbox 272 712 330 752; x_wconf 88' lang='lat' dir='ltr'><strong>Ut</strong></span> <span class='ocrx_word' id='word_1_41' title='bbox 358 713 485 766; x_wconf 77' lang='lat' dir='ltr'><strong>igitur</strong></span> <span class='ocrx_word' id='word_1_42' title='bbox 512 726 651 753; x_wconf 72' lang='lat' dir='ltr'><strong>veram</strong></span> <span class='ocrx_word' id='word_1_43' title='bbox 679 712 916 752; x_wconf 80' lang='lat' dir='ltr'><strong>restituisse</strong></span> <span class='ocrx_word' id='word_1_44' title='bbox 947 712 1048 751; x_wconf 88' lang='lat' dir='ltr'><strong>mihi</strong></span> <span class='ocrx_word' id='word_1_45' title='bbox 1076 711 1222 751; x_wconf 77' lang='lat' dir='ltr'><strong>videor</strong></span> <span class='ocrx_word' id='word_1_46' title='bbox 1255 712 1369 752; x_wconf 74' lang='lat' dir='ltr'><strong>vocis</strong></span> <span class='ocrx_word' id='word_1_47' title='bbox 1407 712 1596 760; x_wconf 79' lang='lat' dir='ltr'><strong>formam,</strong></span> 
     </span>
     <span class='ocr_line' id='line_1_10' title="bbox 214 775 1597 836; baseline 0.001 -14"><span class='ocrx_word' id='word_1_48' title='bbox 214 785 271 823; x_wconf 83' lang='lat' dir='ltr'><strong>ita</strong></span> <span class='ocrx_word' id='word_1_49' title='bbox 301 798 377 835; x_wconf 87' lang='lat' dir='ltr'><strong>pro</strong></span> <span class='ocrx_word' id='word_1_50' title='bbox 410 789 526 825; x_wconf 87' lang='lat' dir='ltr'><strong>certo</strong></span> <span class='ocrx_word' id='word_1_51' title='bbox 567 784 661 823; x_wconf 90' lang='lat' dir='ltr'><strong>dico</strong></span> <span class='ocrx_word' id='word_1_52' title='bbox 701 782 985 836; x_wconf 75' lang='lat' dir='ltr'><strong>Kreyssigium</strong></span> <span class='ocrx_word' id='word_1_53' title='bbox 1021 783 1195 824; x_wconf 75' lang='lat' dir='ltr'><strong>iecinore</strong></span> <span class='ocrx_word' id='word_1_54' title='bbox 1232 775 1497 823; x_wconf 80' lang='lat' dir='ltr'><strong>exhibentem</strong></span> <span class='ocrx_word' id='word_1_55' title='bbox 1533 795 1597 823; x_wconf 76' lang='lat' dir='ltr'><strong>et-</strong></span> 
     </span>
     <span class='ocr_line' id='line_1_11' title="bbox 216 852 1596 906; baseline 0 -16"><span class='ocrx_word' id='word_1_56' title='bbox 216 864 321 900; x_wconf 78' lang='lat' dir='ltr'><strong>rare,</strong></span> <span class='ocrx_word' id='word_1_57' title='bbox 354 852 507 906; x_wconf 82' lang='lat' dir='ltr'><strong>quippe</strong></span> <span class='ocrx_word' id='word_1_58' title='bbox 539 865 642 904; x_wconf 85' lang='lat' dir='ltr'><strong>quae</strong></span> <span class='ocrx_word' id='word_1_59' title='bbox 671 852 805 891; x_wconf 79' lang='lat' dir='ltr'><strong>formu</strong></span> <span class='ocrx_word' id='word_1_60' title='bbox 834 864 917 890; x_wconf 91' lang='lat' dir='ltr'><strong>non</strong></span> <span class='ocrx_word' id='word_1_61' title='bbox 952 852 1022 890; x_wconf 89' lang='lat' dir='ltr'><strong>hic</strong></span> <span class='ocrx_word' id='word_1_62' title='bbox 1052 854 1208 890; x_wconf 82' lang='lat' dir='ltr'><strong>tantum</strong></span> <span class='ocrx_word' id='word_1_63' title='bbox 1239 852 1428 890; x_wconf 87' lang='lat' dir='ltr'><strong>codicum</strong></span> <span class='ocrx_word' id='word_1_64' title='bbox 1458 856 1596 890; x_wconf 78' lang='lat' dir='ltr'><strong>aucto-</strong></span> 
     </span>
     <span class='ocr_line' id='line_1_12' title="bbox 213 920 1597 974; baseline 0 -14"><span class='ocrx_word' id='word_1_65' title='bbox 213 921 334 960; x_wconf 83' lang='lat' dir='ltr'><strong>ritate</strong></span> <span class='ocrx_word' id='word_1_66' title='bbox 374 922 572 961; x_wconf 84' lang='lat' dir='ltr'><strong>destituta</strong></span> <span class='ocrx_word' id='word_1_67' title='bbox 617 922 692 971; x_wconf 89' lang='lat' dir='ltr'><strong>sit,</strong></span> <span class='ocrx_word' id='word_1_68' title='bbox 731 921 808 961; x_wconf 88' lang='lat' dir='ltr'><strong>sed</strong></span> <span class='ocrx_word' id='word_1_69' title='bbox 844 921 967 961; x_wconf 83' lang='lat' dir='ltr'><strong>etiam</strong></span> <span class='ocrx_word' id='word_1_70' title='bbox 1010 920 1062 960; x_wconf 91' lang='lat' dir='ltr'><strong>iis</strong></span> <span class='ocrx_word' id='word_1_71' title='bbox 1100 920 1288 962; x_wconf 86' lang='lat' dir='ltr'><strong>omnihus</strong></span> <span class='ocrx_word' id='word_1_72' title='bbox 1330 934 1432 973; x_wconf 91' lang='lat' dir='ltr'><strong>quos</strong></span> <span class='ocrx_word' id='word_1_73' title='bbox 1472 934 1597 974; x_wconf 82' lang='lat' dir='ltr'><strong>supra</strong></span> 
     </span>
     <span class='ocr_line' id='line_1_13' title="bbox 216 989 1596 1041; baseline 0.001 -13"><span class='ocrx_word' id='word_1_74' title='bbox 216 990 374 1029; x_wconf 68' lang='lat' dir='ltr'><strong>laudavi</strong></span> <span class='ocrx_word' id='word_1_75' title='bbox 404 989 523 1040; x_wconf 83' lang='lat' dir='ltr'><strong>Iocis,</strong></span> <span class='ocrx_word' id='word_1_76' title='bbox 555 991 612 1030; x_wconf 83' lang='lat' dir='ltr'><strong>ita</strong></span> <span class='ocrx_word' id='word_1_77' title='bbox 640 994 693 1041; x_wconf 29' lang='lat' dir='ltr'><strong>ut!</strong></span> <span class='ocrx_word' id='word_1_78' title='bbox 705 990 864 1029; x_wconf 82' lang='lat' dir='ltr'><strong>Livium</strong></span> <span class='ocrx_word' id='word_1_79' title='bbox 892 1001 1064 1041; x_wconf 77' lang='lat' dir='ltr'><strong>usquam</strong></span> <span class='ocrx_word' id='word_1_80' title='bbox 1093 990 1172 1028; x_wconf 77' lang='lat' dir='ltr'><strong>hac</strong></span> <span class='ocrx_word' id='word_1_81' title='bbox 1201 989 1335 1028; x_wconf 88' lang='lat' dir='ltr'><strong>forma</strong></span> <span class='ocrx_word' id='word_1_82' title='bbox 1355 1003 1476 1029; x_wconf 90' lang='lat' dir='ltr'><strong>usum</strong></span> <span class='ocrx_word' id='word_1_83' title='bbox 1499 1003 1596 1029; x_wconf 79' lang='lat' dir='ltr'><strong>esse</strong></span> 
     </span>
     <span class='ocr_line' id='line_1_14' title="bbox 215 1058 1031 1111; baseline 0.002 -13"><span class='ocrx_word' id='word_1_84' title='bbox 215 1073 377 1111; x_wconf 81' lang='lat' dir='ltr'><strong>negem.</strong></span> <span class='ocrx_word' id='word_1_85' title='bbox 1028 1058 1031 1061; x_wconf 67' lang='grc'><strong>’</strong></span> 
     </span>
    </p>

    <p class='ocr_par' dir='ltr' id='par_1_6' title="bbox 212 1126 1596 1377">
     <span class='ocr_line' id='line_1_15' title="bbox 273 1126 1596 1182; baseline -0.001 -13"><span class='ocrx_word' id='word_1_86' title='bbox 273 1129 515 1182; x_wconf 80' lang='lat' dir='ltr'><strong>Priusquam</strong></span> <span class='ocrx_word' id='word_1_87' title='bbox 547 1129 867 1182; x_wconf 79' lang='lat' dir='ltr'><strong>disputationem</strong></span> <span class='ocrx_word' id='word_1_88' title='bbox 897 1126 950 1168; x_wconf 79' lang='lat' dir='ltr'><strong>&#39;de</strong></span> <span class='ocrx_word' id='word_1_89' title='bbox 979 1129 1061 1168; x_wconf 82' lang='lat' dir='ltr'><strong>hoe</strong></span> <span class='ocrx_word' id='word_1_90' title='bbox 1091 1128 1185 1168; x_wconf 86' lang='lat' dir='ltr'><strong>loco</strong></span> <span class='ocrx_word' id='word_1_91' title='bbox 1215 1129 1374 1178; x_wconf 78' lang='lat' dir='ltr'><strong>finiam,</strong></span> <span class='ocrx_word' id='word_1_92' title='bbox 1412 1129 1493 1169; x_wconf 80' lang='lat' dir='ltr'><strong>iam</strong></span> <span class='ocrx_word' id='word_1_93' title='bbox 1529 1143 1596 1168; x_wconf 91' lang='lat' dir='ltr'><strong>me</strong></span> 
     </span>
     <span class='ocr_line' id='line_1_16' title="bbox 217 1197 1595 1251; baseline 0 -13"><span class='ocrx_word' id='word_1_94' title='bbox 217 1212 308 1238; x_wconf 85' lang='lat' dir='ltr'><strong>cum</strong></span> <span class='ocrx_word' id='word_1_95' title='bbox 357 1199 548 1238; x_wconf 80' lang='lat' dir='ltr'><strong>Bekkero</strong></span> <span class='ocrx_word' id='word_1_96' title='bbox 594 1199 723 1239; x_wconf 79' lang='lat' dir='ltr'><strong>abisse</strong></span> <span class='ocrx_word' id='word_1_97' title='bbox 767 1198 908 1251; x_wconf 82' lang='lat' dir='ltr'><strong>legere</strong></span> <span class='ocrx_word' id='word_1_98' title='bbox 958 1198 1104 1239; x_wconf 75' lang='lat' dir='ltr'><strong>addam</strong></span> <span class='ocrx_word' id='word_1_99' title='bbox 1153 1198 1264 1251; x_wconf 90' lang='lat' dir='ltr'><strong>quod</strong></span> <span class='ocrx_word' id='word_1_100' title='bbox 1311 1197 1426 1239; x_wconf 87' lang='lat' dir='ltr'><strong>Flor.</strong></span> <span class='ocrx_word' id='word_1_101' title='bbox 1470 1197 1595 1240; x_wconf 88' lang='lat' dir='ltr'><strong>Voss.</strong></span> 
     </span>
     <span class='ocr_line' id='line_1_17' title="bbox 213 1264 1594 1309; baseline 0 -2"><span class='ocrx_word' id='word_1_102' title='bbox 213 1266 354 1307; x_wconf 76' lang='lat' dir='ltr'><strong>Lovel.</strong></span> <span class='ocrx_word' id='word_1_103' title='bbox 385 1266 426 1308; x_wconf 88' lang='grc'><strong>2.</strong></span> <span class='ocrx_word' id='word_1_104' title='bbox 467 1265 508 1308; x_wconf 90' lang='lat'><strong>3.</strong></span> <span class='ocrx_word' id='word_1_105' title='bbox 547 1265 588 1308; x_wconf 87' lang='lat'><strong>5.</strong></span> <span class='ocrx_word' id='word_1_106' title='bbox 627 1268 722 1308; x_wconf 90' lang='lat' dir='ltr'><strong>edd.</strong></span> <span class='ocrx_word' id='word_1_107' title='bbox 761 1267 881 1308; x_wconf 89' lang='lat' dir='ltr'><strong>Rom.</strong></span> <span class='ocrx_word' id='word_1_108' title='bbox 919 1264 1042 1307; x_wconf 91' lang='grc'><strong>1472.</strong></span> <span class='ocrx_word' id='word_1_109' title='bbox 1079 1267 1252 1309; x_wconf 86' lang='lat' dir='ltr'><strong>Mediol.</strong></span> <span class='ocrx_word' id='word_1_110' title='bbox 1291 1264 1416 1308; x_wconf 81' lang='lat'><strong>1480.</strong></span> <span class='ocrx_word' id='word_1_111' title='bbox 1460 1267 1594 1308; x_wconf 75' lang='lat' dir='ltr'><strong>Parin.</strong></span> 
     </span>
     <span class='ocr_line' id='line_1_18' title="bbox 212 1327 1509 1377; baseline 0.002 -2"><span class='ocrx_word' id='word_1_112' title='bbox 212 1337 269 1375; x_wconf 83' lang='lat' dir='ltr'><strong>ita</strong></span> <span class='ocrx_word' id='word_1_113' title='bbox 300 1338 508 1377; x_wconf 85' lang='lat' dir='ltr'><strong>exhibent.</strong></span> <span class='ocrx_word' id='word_1_114' title='bbox 665 1328 676 1339; x_wconf 69' lang='grc'><em>“</em></span> <span class='ocrx_word' id='word_1_115' title='bbox 1506 1327 1509 1329; x_wconf 70' lang='lat'><strong>,</strong></span> 
     </span>
    </p>

    <p class='ocr_par' dir='ltr' id='par_1_7' title="bbox 269 1405 1595 1455">
     <span class='ocr_line' id='line_1_19' title="bbox 269 1405 1595 1455; baseline 0 -10"><span class='ocrx_word' id='word_1_116' title='bbox 269 1406 389 1446; x_wconf 80' lang='lat' dir='ltr'><strong>Amat</strong></span> <span class='ocrx_word' id='word_1_117' title='bbox 419 1407 528 1446; x_wconf 90' lang='lat' dir='ltr'><strong>enim</strong></span> <span class='ocrx_word' id='word_1_118' title='bbox 559 1406 699 1446; x_wconf 82' lang='lat' dir='ltr'><strong>Livius</strong></span> <span class='ocrx_word' id='word_1_119' title='bbox 731 1409 964 1446; x_wconf 79' lang='lat' dir='ltr'><strong>contractas</strong></span> <span class='ocrx_word' id='word_1_120' title='bbox 994 1405 1088 1447; x_wconf 77' lang='lat' dir='ltr'><strong>illas</strong></span> <span class='ocrx_word' id='word_1_121' title='bbox 1118 1405 1287 1455; x_wconf 80' lang='lat' dir='ltr'><strong>formas,</strong></span> <span class='ocrx_word' id='word_1_122' title='bbox 1325 1410 1372 1445; x_wconf 91' lang='lat' dir='ltr'><strong>ut</strong></span> <span class='ocrx_word' id='word_1_123' title='bbox 1407 1419 1458 1445; x_wconf 84' lang='lat' dir='ltr'><strong>ex</strong></span> <span class='ocrx_word' id='word_1_124' title='bbox 1495 1406 1595 1445; x_wconf 88' lang='lat' dir='ltr'><strong>mul-</strong></span> 
     </span>
    </p>
   </div>
   <div class='ocr_carea' id='block_1_5' title="bbox 210 1468 1594 1595">
    <p class='ocr_par' dir='ltr' id='par_1_8' title="bbox 210 1468 1594 1595">
     <span class='ocr_line' id='line_1_20' title="bbox 210 1468 1594 1529; baseline 0.001 -14"><span class='ocrx_word' id='word_1_125' title='bbox 210 1476 265 1515; x_wconf 73' lang='lat' dir='ltr'><strong>tis</strong></span> <span class='ocrx_word' id='word_1_126' title='bbox 296 1476 439 1527; x_wconf 83' lang='lat' dir='ltr'><strong>eisque</strong></span> <span class='ocrx_word' id='word_1_127' title='bbox 472 1476 597 1516; x_wconf 86' lang='lat' dir='ltr'><strong>certis</strong></span> <span class='ocrx_word' id='word_1_128' title='bbox 628 1476 733 1516; x_wconf 87' lang='lat' dir='ltr'><strong>Iocis</strong></span> <span class='ocrx_word' id='word_1_129' title='bbox 765 1480 952 1529; x_wconf 74' lang='lat' dir='ltr'><strong>apparet.</strong></span> <span class='ocrx_word' id='word_1_130' title='bbox 984 1475 1038 1516; x_wconf 80' lang='lat' dir='ltr'><strong>cf.</strong></span> <span class='ocrx_word' id='word_1_131' title='bbox 1068 1468 1197 1516; x_wconf 84' lang='lat' dir='ltr'><strong>XXV.</strong></span> <span class='ocrx_word' id='word_1_132' title='bbox 1219 1472 1289 1525; x_wconf 80' lang='lat'><strong>37,</strong></span> <span class='ocrx_word' id='word_1_133' title='bbox 1313 1472 1355 1517; x_wconf 84' lang='grc'><strong>8.</strong></span> <span class='ocrx_word' id='word_1_134' title='bbox 1377 1476 1594 1524; x_wconf 75' lang='lat' dir='ltr'><strong>transisse,</strong></span> 
     </span>
     <span class='ocr_line' id='line_1_21' title="bbox 211 1542 1594 1595; baseline 0.001 -11"><span class='ocrx_word' id='word_1_135' title='bbox 211 1544 357 1585; x_wconf 90' lang='lat' dir='ltr'><strong>XXIII.</strong></span> <span class='ocrx_word' id='word_1_136' title='bbox 388 1542 457 1594; x_wconf 82' lang='lat'><strong>45,</strong></span> <span class='ocrx_word' id='word_1_137' title='bbox 488 1542 529 1585; x_wconf 88' lang='lat'><strong>3.</strong></span> <span class='ocrx_word' id='word_1_138' title='bbox 561 1545 714 1595; x_wconf 80' lang='lat' dir='ltr'><strong>abisse,</strong></span> <span class='ocrx_word' id='word_1_139' title='bbox 744 1545 793 1586; x_wconf 91' lang='lat'><strong>11.</strong></span> <span class='ocrx_word' id='word_1_140' title='bbox 824 1542 894 1586; x_wconf 84' lang='lat'><strong>36.</strong></span> <span class='ocrx_word' id='word_1_141' title='bbox 930 1545 1002 1585; x_wconf 88' lang='lat' dir='ltr'><strong>fin.</strong></span> <span class='ocrx_word' id='word_1_142' title='bbox 1033 1545 1217 1594; x_wconf 80' lang='lat' dir='ltr'><strong>redisse,</strong></span> <span class='ocrx_word' id='word_1_143' title='bbox 1256 1542 1406 1586; x_wconf 81' lang='lat' dir='ltr'><strong>XXVI.</strong></span> <span class='ocrx_word' id='word_1_144' title='bbox 1445 1543 1487 1595; x_wconf 80' lang='grc'>2,</span> <span class='ocrx_word' id='word_1_145' title='bbox 1526 1543 1594 1585; x_wconf 90' lang='grc'><strong>14.</strong></span> 
     </span>
    </p>
   </div>
   <div class='ocr_carea' id='block_1_6' title="bbox 205 1612 1644 2016">
    <p class='ocr_par' dir='ltr' id='par_1_9' title="bbox 205 1612 1644 2016">
     <span class='ocr_line' id='line_1_22' title="bbox 211 1612 1593 1666; baseline 0.001 -12"><span class='ocrx_word' id='word_1_146' title='bbox 211 1615 390 1664; x_wconf 83' lang='lat' dir='ltr'><strong>redisse,</strong></span> <span class='ocrx_word' id='word_1_147' title='bbox 420 1615 566 1655; x_wconf 86' lang='lat' dir='ltr'><strong>XXIII.</strong></span> <span class='ocrx_word' id='word_1_148' title='bbox 598 1613 667 1665; x_wconf 82' lang='grc'><strong>22,</strong></span> <span class='ocrx_word' id='word_1_149' title='bbox 700 1613 768 1656; x_wconf 93' lang='lat' dir='ltr'><strong>ll.</strong></span> <span class='ocrx_word' id='word_1_150' title='bbox 798 1616 996 1665; x_wconf 84' lang='lat' dir='ltr'><strong>redisset,</strong></span> <span class='ocrx_word' id='word_1_151' title='bbox 1026 1615 1057 1665; x_wconf 85' lang='lat'><strong>1,</strong></span> <span class='ocrx_word' id='word_1_152' title='bbox 1087 1613 1157 1656; x_wconf 84' lang='grc'><strong>42.</strong></span> <span class='ocrx_word' id='word_1_153' title='bbox 1179 1616 1356 1665; x_wconf 85' lang='lat' dir='ltr'><strong>redisse,</strong></span> <span class='ocrx_word' id='word_1_154' title='bbox 1376 1612 1524 1657; x_wconf 85' lang='lat' dir='ltr'><strong>XXVI.</strong></span> <span class='ocrx_word' id='word_1_155' title='bbox 1554 1612 1593 1666; x_wconf 92' lang='lat'><strong>1,</strong></span> 
     </span>
     <span class='ocr_line' id='line_1_23' title="bbox 205 1678 1644 1738; baseline 0.001 -15"><span class='ocrx_word' id='word_1_156' title='bbox 205 1678 251 1723; x_wconf 79' lang='lat'><strong>&#39;1.</strong></span> <span class='ocrx_word' id='word_1_157' title='bbox 283 1685 473 1732; x_wconf 83' lang='lat' dir='ltr'><strong>inissent,</strong></span> <span class='ocrx_word' id='word_1_158' title='bbox 504 1684 632 1725; x_wconf 90' lang='lat' dir='ltr'><strong>XXV.</strong></span> <span class='ocrx_word' id='word_1_159' title='bbox 662 1682 704 1733; x_wconf 76' lang='lat'><strong>4,</strong></span> <span class='ocrx_word' id='word_1_160' title='bbox 734 1681 775 1725; x_wconf 88' lang='grc'><strong>9.</strong></span> <span class='ocrx_word' id='word_1_161' title='bbox 802 1685 1029 1738; x_wconf 85' lang='lat' dir='ltr'><strong>prodisset,</strong></span> <span class='ocrx_word' id='word_1_162' title='bbox 1049 1684 1178 1725; x_wconf 91' lang='lat' dir='ltr'><strong>XXV.</strong></span> <span class='ocrx_word' id='word_1_163' title='bbox 1201 1682 1271 1733; x_wconf 77' lang='lat'><strong>22,</strong></span> <span class='ocrx_word' id='word_1_164' title='bbox 1297 1682 1364 1725; x_wconf 87' lang='grc'><strong>13.</strong></span> <span class='ocrx_word' id='word_1_165' title='bbox 1396 1680 1593 1726; x_wconf 81' lang='lat' dir='ltr'><strong>exissent.</strong></span> <span class='ocrx_word' id='word_1_166' title='bbox 1639 1682 1644 1685; x_wconf 61' lang='grc'><strong><em>’</em></strong></span> 
     </span>
     <span class='ocr_line' id='line_1_24' title="bbox 213 1751 1492 1804; baseline 0.002 -12"><span class='ocrx_word' id='word_1_167' title='bbox 213 1754 268 1793; x_wconf 84' lang='lat' dir='ltr'><strong>cf.</strong></span> <span class='ocrx_word' id='word_1_168' title='bbox 299 1754 449 1794; x_wconf 83' lang='lat' dir='ltr'><strong>Drakb.</strong></span> <span class='ocrx_word' id='word_1_169' title='bbox 482 1754 534 1793; x_wconf 78' lang='lat' dir='ltr'><strong>nd</strong></span> <span class='ocrx_word' id='word_1_170' title='bbox 563 1753 632 1794; x_wconf 88' lang='lat' dir='ltr'><strong>IV.</strong></span> <span class='ocrx_word' id='word_1_171' title='bbox 663 1752 735 1803; x_wconf 82' lang='lat'><strong>40,</strong></span> <span class='ocrx_word' id='word_1_172' title='bbox 765 1751 814 1803; x_wconf 80' lang='lat'><strong>63</strong></span> <span class='ocrx_word' id='word_1_173' title='bbox 844 1753 914 1795; x_wconf 87' lang='lat' dir='ltr'><strong>Vl.</strong></span> <span class='ocrx_word' id='word_1_174' title='bbox 948 1751 1015 1802; x_wconf 84' lang='lat'><strong>17,</strong></span> <span class='ocrx_word' id='word_1_175' title='bbox 1047 1752 1096 1803; x_wconf 81' lang='lat'><strong>73</strong></span> <span class='ocrx_word' id='word_1_176' title='bbox 1125 1754 1291 1795; x_wconf 88' lang='lat' dir='ltr'><strong>XXVII.</strong></span> <span class='ocrx_word' id='word_1_177' title='bbox 1324 1751 1392 1804; x_wconf 85' lang='lat'><strong>19,</strong></span> <span class='ocrx_word' id='word_1_178' title='bbox 1425 1752 1492 1795; x_wconf 89' lang='lat'><strong>10.</strong></span> 
     </span>
     <span class='ocr_line' id='line_1_25' title="bbox 268 1823 1593 1873; baseline 0.002 -11"><span class='ocrx_word' id='word_1_179' title='bbox 268 1824 402 1862; x_wconf 84' lang='lat' dir='ltr'><strong>Etiam</strong></span> <span class='ocrx_word' id='word_1_180' title='bbox 434 1824 474 1863; x_wconf 89' lang='lat' dir='ltr'><strong>in</strong></span> <span class='ocrx_word' id='word_1_181' title='bbox 508 1823 598 1863; x_wconf 84' lang='lat' dir='ltr'><strong>aliis</strong></span> <span class='ocrx_word' id='word_1_182' title='bbox 635 1824 772 1863; x_wconf 79' lang='lat' dir='ltr'><strong>verbis</strong></span> <span class='ocrx_word' id='word_1_183' title='bbox 813 1827 1046 1864; x_wconf 76' lang='lat' dir='ltr'><strong>contractas</strong></span> <span class='ocrx_word' id='word_1_184' title='bbox 1084 1824 1210 1864; x_wconf 76' lang='lat' dir='ltr'><strong>habet</strong></span> <span class='ocrx_word' id='word_1_185' title='bbox 1244 1823 1383 1864; x_wconf 76' lang='lat' dir='ltr'><strong>Livius</strong></span> <span class='ocrx_word' id='word_1_186' title='bbox 1422 1824 1593 1873; x_wconf 81' lang='lat' dir='ltr'><strong>formas,</strong></span> 
     </span>
     <span class='ocr_line' id='line_1_26' title="bbox 210 1890 1593 1948; baseline 0.001 -16"><span class='ocrx_word' id='word_1_187' title='bbox 210 1896 280 1932; x_wconf 87' lang='lat' dir='ltr'><strong>ut:</strong></span> <span class='ocrx_word' id='word_1_188' title='bbox 311 1892 438 1933; x_wconf 76' lang='lat' dir='ltr'><strong>XXV.</strong></span> <span class='ocrx_word' id='word_1_189' title='bbox 461 1890 511 1942; x_wconf 81' lang='grc'><strong>,4,</strong></span> <span class='ocrx_word' id='word_1_190' title='bbox 542 1890 598 1941; x_wconf 72' lang='lat' dir='ltr'><strong>S.v</strong></span> <span class='ocrx_word' id='word_1_191' title='bbox 609 1893 761 1947; x_wconf 78' lang='lat' dir='ltr'><strong>prendi</strong></span> <span class='ocrx_word' id='word_1_192' title='bbox 786 1906 864 1946; x_wconf 87' lang='lat' dir='ltr'><strong>pro</strong></span> <span class='ocrx_word' id='word_1_193' title='bbox 895 1893 1108 1948; x_wconf 77' lang='lat' dir='ltr'><strong>prehendi.</strong></span> <span class='ocrx_word' id='word_1_194' title='bbox 1174 1893 1267 1933; x_wconf 89' lang='lat' dir='ltr'><strong>Hoc</strong></span> <span class='ocrx_word' id='word_1_195' title='bbox 1304 1894 1420 1943; x_wconf 85' lang='lat' dir='ltr'><strong>Ioco,</strong></span> <span class='ocrx_word' id='word_1_196' title='bbox 1457 1908 1593 1946; x_wconf 81' lang='lat' dir='ltr'><strong>quam-</strong></span> 
     </span>
     <span class='ocr_line' id='line_1_27' title="bbox 210 1954 1592 2016; baseline 0.001 -15"><span class='ocrx_word' id='word_1_197' title='bbox 210 1976 332 2014; x_wconf 79' lang='lat' dir='ltr'><strong>quam</strong></span> <span class='ocrx_word' id='word_1_198' title='bbox 362 1963 403 2002; x_wconf 90' lang='lat' dir='ltr'><strong>in</strong></span> <span class='ocrx_word' id='word_1_199' title='bbox 435 1963 639 2012; x_wconf 85' lang='lat' dir='ltr'><strong>omnibus,</strong></span> <span class='ocrx_word' id='word_1_200' title='bbox 671 1963 782 2015; x_wconf 77' lang='lat' dir='ltr'><strong>qnod</strong></span> <span class='ocrx_word' id='word_1_201' title='bbox 812 1954 1005 2016; x_wconf 79' lang='lat' dir='ltr'><strong>equideni</strong></span> <span class='ocrx_word' id='word_1_202' title='bbox 1036 1963 1183 2012; x_wconf 80' lang='lat' dir='ltr'><strong>sciam,</strong></span> <span class='ocrx_word' id='word_1_203' title='bbox 1221 1963 1472 2003; x_wconf 85' lang='lat' dir='ltr'><strong>editionibus</strong></span> <span class='ocrx_word' id='word_1_204' title='bbox 1506 1968 1592 2004; x_wconf 87' lang='lat' dir='ltr'><strong>est:</strong></span> 
     </span>
    </p>
   </div>
   <div class='ocr_carea' id='block_1_7' title="bbox 206 2031 1594 2152">
    <p class='ocr_par' dir='ltr' id='par_1_10' title="bbox 206 2031 1594 2152">
     <span class='ocr_line' id='line_1_28' title="bbox 206 2031 1594 2086; baseline 0.001 -16"><span class='ocrx_word' id='word_1_205' title='bbox 206 2031 417 2084; x_wconf 78' lang='lat' dir='ltr'><strong>prehendi,</strong></span> <span class='ocrx_word' id='word_1_206' title='bbox 448 2036 585 2072; x_wconf 86' lang='lat' dir='ltr'><strong>tamen</strong></span> <span class='ocrx_word' id='word_1_207' title='bbox 610 2032 763 2085; x_wconf 79' lang='lat' dir='ltr'><strong>prendi</strong></span> <span class='ocrx_word' id='word_1_208' title='bbox 788 2045 886 2072; x_wconf 77' lang='lat' dir='ltr'><strong>vera</strong></span> <span class='ocrx_word' id='word_1_209' title='bbox 914 2032 1049 2072; x_wconf 77' lang='lat' dir='ltr'><strong>forma</strong></span> <span class='ocrx_word' id='word_1_210' title='bbox 1079 2037 1166 2082; x_wconf 90' lang='lat' dir='ltr'><strong>est,</strong></span> <span class='ocrx_word' id='word_1_211' title='bbox 1205 2033 1357 2086; x_wconf 85' lang='lat' dir='ltr'><strong>quippe</strong></span> <span class='ocrx_word' id='word_1_212' title='bbox 1396 2047 1500 2085; x_wconf 83' lang='lat' dir='ltr'><strong>quae</strong></span> <span class='ocrx_word' id='word_1_213' title='bbox 1540 2034 1594 2073; x_wconf 84' lang='lat' dir='ltr'><strong>sit</strong></span> 
     </span>
     <span class='ocr_line' id='line_1_29' title="bbox 211 2099 1591 2152; baseline 0.002 -13"><span class='ocrx_word' id='word_1_214' title='bbox 211 2101 252 2140; x_wconf 88' lang='lat' dir='ltr'><strong>in</strong></span> <span class='ocrx_word' id='word_1_215' title='bbox 283 2100 396 2140; x_wconf 81' lang='lat' dir='ltr'><strong>Flor.</strong></span> <span class='ocrx_word' id='word_1_216' title='bbox 428 2101 551 2141; x_wconf 85' lang='lat' dir='ltr'><strong>Voss.</strong></span> <span class='ocrx_word' id='word_1_217' title='bbox 583 2100 724 2141; x_wconf 79' lang='lat' dir='ltr'><strong>Lovel.</strong></span> <span class='ocrx_word' id='word_1_218' title='bbox 757 2099 795 2142; x_wconf 94' lang='grc'><strong>1.</strong></span> <span class='ocrx_word' id='word_1_219' title='bbox 826 2099 867 2142; x_wconf 89' lang='grc'><strong>2.</strong></span> <span class='ocrx_word' id='word_1_220' title='bbox 897 2099 938 2142; x_wconf 93' lang='grc'><strong>4.</strong></span> <span class='ocrx_word' id='word_1_221' title='bbox 968 2100 1010 2142; x_wconf 89' lang='lat'><strong>5.</strong></span> <span class='ocrx_word' id='word_1_222' title='bbox 1034 2101 1226 2152; x_wconf 76' lang='lat' dir='ltr'><strong>Gaertn.;</strong></span> <span class='ocrx_word' id='word_1_223' title='bbox 1257 2102 1315 2142; x_wconf 79' lang='lat' dir='ltr'><strong>ita</strong></span> <span class='ocrx_word' id='word_1_224' title='bbox 1361 2102 1484 2142; x_wconf 78' lang='lat' dir='ltr'><strong>etiam</strong></span> <span class='ocrx_word' id='word_1_225' title='bbox 1524 2103 1591 2142; x_wconf 82' lang='lat' dir='ltr'><strong>IX.</strong></span> 
     </span>
    </p>
   </div>
   <div class='ocr_carea' id='block_1_8' title="bbox 123 2167 1592 2224">
    <p class='ocr_par' dir='ltr' id='par_1_11' title="bbox 123 2167 1592 2224">
     <span class='ocr_line' id='line_1_30' title="bbox 123 2167 1592 2224; baseline 0.001 -15"><span class='ocrx_word' id='word_1_226' title='bbox 123 2194 125 2197; x_wconf 95' lang='lat'>-</span> <span class='ocrx_word' id='word_1_227' title='bbox 211 2167 281 2219; x_wconf 83' lang='grc'><strong>34,</strong></span> <span class='ocrx_word' id='word_1_228' title='bbox 312 2167 380 2221; x_wconf 86' lang='grc'><strong>26.</strong></span> <span class='ocrx_word' id='word_1_229' title='bbox 406 2171 559 2224; x_wconf 79' lang='lat' dir='ltr'><strong>prendi</strong></span> <span class='ocrx_word' id='word_1_230' title='bbox 586 2175 703 2212; x_wconf 86' lang='lat' dir='ltr'><strong>recte</strong></span> <span class='ocrx_word' id='word_1_231' title='bbox 734 2185 757 2211; x_wconf 79' lang='lat' dir='ltr'><strong>a</strong></span> <span class='ocrx_word' id='word_1_232' title='bbox 788 2171 1012 2212; x_wconf 79' lang='lat' dir='ltr'><strong>Gebhardo</strong></span> <span class='ocrx_word' id='word_1_233' title='bbox 1041 2172 1278 2212; x_wconf 89' lang='lat' dir='ltr'><strong>restitutum</strong></span> <span class='ocrx_word' id='word_1_234' title='bbox 1309 2176 1387 2212; x_wconf 88' lang='lat' dir='ltr'><strong>est.</strong></span> <span class='ocrx_word' id='word_1_235' title='bbox 1419 2171 1473 2211; x_wconf 84' lang='lat' dir='ltr'><strong>cf.</strong></span> <span class='ocrx_word' id='word_1_236' title='bbox 1494 2172 1592 2212; x_wconf 78' lang='lat' dir='ltr'><strong>Dra-</strong></span> 
     </span>
    </p>
   </div>
   <div class='ocr_carea' id='block_1_9' title="bbox 0 3160 1050 3190">
    <p class='ocr_par' dir='ltr' id='par_1_12' title="bbox 0 3160 1050 3190">
     <span class='ocr_line' id='line_1_31' title="bbox 0 3160 1050 3190; baseline 0 0"><span class='ocrx_word' id='word_1_237' title='bbox 0 3160 1050 3190; x_wconf 95' lang='lat' dir='ltr'><strong> </strong></span> 
     </span>
    </p>
   </div>
   <div class='ocr_carea' id='block_1_10' title="bbox 213 2237 716 2290">
    <p class='ocr_par' dir='ltr' id='par_1_13' title="bbox 213 2237 716 2290">
     <span class='ocr_line' id='line_1_32' title="bbox 213 2237 716 2290; baseline 0.004 -11"><span class='ocrx_word' id='word_1_238' title='bbox 213 2240 333 2279; x_wconf 86' lang='lat' dir='ltr'><strong>kenb.</strong></span> <span class='ocrx_word' id='word_1_239' title='bbox 366 2239 418 2279; x_wconf 80' lang='lat' dir='ltr'><strong>ad</strong></span> <span class='ocrx_word' id='word_1_240' title='bbox 447 2239 515 2280; x_wconf 74' lang='lat' dir='ltr'><strong>Vl.</strong></span> <span class='ocrx_word' id='word_1_241' title='bbox 548 2237 616 2290; x_wconf 82' lang='lat' dir='ltr'><strong>IS,</strong></span> <span class='ocrx_word' id='word_1_242' title='bbox 649 2238 716 2282; x_wconf 89' lang='grc'><strong>10.</strong></span> 
     </span>
    </p>
   </div>
   <div class='ocr_carea' id='block_1_11' title="bbox 211 2309 1591 2489">
    <p class='ocr_par' dir='ltr' id='par_1_14' title="bbox 211 2309 1591 2489">
     <span class='ocr_line' id='line_1_33' title="bbox 268 2309 1591 2374; baseline 0.002 -25"><span class='ocrx_word' id='word_1_243' title='bbox 268 2309 358 2349; x_wconf 85' lang='lat' dir='ltr'><strong>Jam</strong></span> <span class='ocrx_word' id='word_1_244' title='bbox 389 2323 481 2349; x_wconf 86' lang='lat' dir='ltr'><strong>cum</strong></span> <span class='ocrx_word' id='word_1_245' title='bbox 512 2310 564 2350; x_wconf 91' lang='lat' dir='ltr'><strong>de</strong></span> <span class='ocrx_word' id='word_1_246' title='bbox 596 2311 768 2364; x_wconf 80' lang='lat' dir='ltr'><strong>singulis</strong></span> <span class='ocrx_word' id='word_1_247' title='bbox 799 2315 864 2351; x_wconf 85' lang='lat' dir='ltr'><strong>sat</strong></span> <span class='ocrx_word' id='word_1_248' title='bbox 892 2324 959 2374; x_wconf 84' lang='lat' dir='ltr'><strong>me</strong></span> <span class='ocrx_word' id='word_1_249' title='bbox 990 2311 1145 2351; x_wconf 85' lang='lat' dir='ltr'><strong>dixisse</strong></span> <span class='ocrx_word' id='word_1_250' title='bbox 1183 2316 1226 2351; x_wconf 90' lang='lat' dir='ltr'><strong>et</strong></span> <span class='ocrx_word' id='word_1_251' title='bbox 1262 2311 1398 2351; x_wconf 86' lang='lat' dir='ltr'><strong>locum</strong></span> <span class='ocrx_word' id='word_1_252' title='bbox 1435 2312 1591 2351; x_wconf 88' lang='lat' dir='ltr'><strong>rectius</strong></span> 
     </span>
     <span class='ocr_line' id='line_1_34' title="bbox 213 2378 1591 2433; baseline 0.001 -15"><span class='ocrx_word' id='word_1_253' title='bbox 213 2382 256 2418; x_wconf 87' lang='lat' dir='ltr'><strong>et</strong></span> <span class='ocrx_word' id='word_1_254' title='bbox 284 2378 432 2418; x_wconf 87' lang='lat' dir='ltr'><strong>melius</strong></span> <span class='ocrx_word' id='word_1_255' title='bbox 461 2379 698 2420; x_wconf 85' lang='lat' dir='ltr'><strong>restituisse</strong></span> <span class='ocrx_word' id='word_1_256' title='bbox 720 2381 908 2430; x_wconf 77' lang='lat' dir='ltr'><strong>arbitrer,</strong></span> <span class='ocrx_word' id='word_1_257' title='bbox 925 2381 1071 2420; x_wconf 75' lang='lat' dir='ltr'><strong>addam</strong></span> <span class='ocrx_word' id='word_1_258' title='bbox 1093 2381 1478 2433; x_wconf 76' lang='lat' dir='ltr'><strong>interpretationem</strong></span> <span class='ocrx_word' id='word_1_259' title='bbox 1501 2394 1591 2420; x_wconf 74' lang='lat' dir='ltr'><strong>ver-</strong></span> 
     </span>
     <span class='ocr_line' id='line_1_35' title="bbox 211 2448 420 2489; baseline 0.005 -1"><span class='ocrx_word' id='word_1_260' title='bbox 211 2448 420 2489; x_wconf 79' lang='lat' dir='ltr'><strong>naculam:</strong></span> 
     </span>
    </p>
   </div>
   <div class='ocr_carea' id='block_1_12' title="bbox 241 2544 1593 2664">
    <p class='ocr_par' dir='ltr' id='par_1_15' title="bbox 241 2544 1593 2664">
     <span class='ocr_line' id='line_1_36' title="bbox 241 2544 1592 2613; baseline 0.001 -18"><span class='ocrx_word' id='word_1_261' title='bbox 241 2563 277 2602; x_wconf 72' lang='lat'><strong>¹⁸)</strong></span> <span class='ocrx_word' id='word_1_262' title='bbox 300 2564 461 2596; x_wconf 69' lang='lat' dir='ltr'><strong>Fortasse</strong></span> <span class='ocrx_word' id='word_1_263' title='bbox 491 2565 618 2604; x_wconf 80' lang='lat' dir='ltr'><strong>ubique</strong></span> <span class='ocrx_word' id='word_1_264' title='bbox 651 2564 742 2606; x_wconf 76' lang='lat' dir='ltr'><strong>apud</strong></span> <span class='ocrx_word' id='word_1_265' title='bbox 777 2566 915 2613; x_wconf 77' lang='lat' dir='ltr'><strong>Livium</strong></span> <span class='ocrx_word' id='word_1_266' title='bbox 951 2563 1042 2598; x_wconf 78' lang='lat' dir='ltr'><strong>iecur</strong></span> <span class='ocrx_word' id='word_1_267' title='bbox 1072 2567 1174 2598; x_wconf 74' lang='lat' dir='ltr'><strong>habet</strong></span> <span class='ocrx_word' id='word_1_268' title='bbox 1205 2544 1395 2609; x_wconf 66' lang='lat' dir='ltr'><strong>genitivuin</strong></span> <span class='ocrx_word' id='word_1_269' title='bbox 1423 2563 1592 2606; x_wconf 71' lang='lat' dir='ltr'><strong>iocineris,</strong></span> 
     </span>
     <span class='ocr_line' id='line_1_37' title="bbox 302 2621 1593 2664; baseline 0.003 -12"><span class='ocrx_word' id='word_1_270' title='bbox 302 2631 367 2653; x_wconf 88' lang='lat' dir='ltr'><strong>nec</strong></span> <span class='ocrx_word' id='word_1_271' title='bbox 389 2632 549 2663; x_wconf 71' lang='lat' dir='ltr'><strong>umquam</strong></span> <span class='ocrx_word' id='word_1_272' title='bbox 580 2621 745 2655; x_wconf 75' lang='lat' dir='ltr'><strong>iocinoris.</strong></span> <span class='ocrx_word' id='word_1_273' title='bbox 781 2624 925 2655; x_wconf 72' lang='lat' dir='ltr'><strong>Librarii</strong></span> <span class='ocrx_word' id='word_1_274' title='bbox 958 2629 1069 2656; x_wconf 74' lang='lat' dir='ltr'><strong>autem</strong></span> <span class='ocrx_word' id='word_1_275' title='bbox 1102 2625 1201 2656; x_wconf 76' lang='lat' dir='ltr'><strong>facile</strong></span> <span class='ocrx_word' id='word_1_276' title='bbox 1231 2625 1296 2656; x_wconf 69' lang='lat' dir='ltr'><strong>hac</strong></span> <span class='ocrx_word' id='word_1_277' title='bbox 1319 2625 1414 2656; x_wconf 74' lang='lat' dir='ltr'><strong>in‘re</strong></span> <span class='ocrx_word' id='word_1_278' title='bbox 1437 2627 1593 2664; x_wconf 67' lang='lat' dir='ltr'><strong>poterant</strong></span> 
     </span>
    </p>
   </div>
   <div class='ocr_carea' id='block_1_13' title="bbox 303 2689 423 2713">
    <p class='ocr_par' dir='ltr' id='par_1_16' title="bbox 303 2689 423 2713">
     <span class='ocr_line' id='line_1_38' title="bbox 303 2689 423 2713; baseline 0.017 -2"><span class='ocrx_word' id='word_1_279' title='bbox 303 2689 423 2713; x_wconf 68' lang='grc' dir='ltr'><strong>θΠὮΓΘ.</strong></span> 
     </span>
    </p>
   </div>
   <div class='ocr_carea' id='block_1_14' title="bbox 1841 1629 1890 3190">
    <p class='ocr_par' dir='ltr' id='par_1_17' title="bbox 1841 1629 1890 3190">
     <span class='ocr_line' id='line_1_39' title="bbox 1841 1629 1890 3190; baseline 0 0"><span class='ocrx_word' id='word_1_280' title='bbox 1841 1629 1890 3190; x_wconf 95' lang='lat' dir='ltr'><strong> </strong></span> 
     </span>
    </p>
   </div>
  </div>
 </body>
</html>
