1890 3190
949 221 1019 271 68

337 384 461 425 «Libn-
491 383 657 426 XXVfl⁴
687 382 737 425 ‹l-
776 382 814 439 ξ.
853 382 893 425 ’7.
929 385 1092 439 vulgata
1128 386 1334 440 scriptun
1371 393 1462 430 est:
1489 394 1576 443 par
1609 404 1676 430 au-

289 456 413 495 dacia
446 452 670 505 Romam,
709 454 876 495 emt-vilio
910 460 952 495 et
984 456 1135 495 viribus
1171 458 1323 510 impar,
1360 460 1490 512 copiis
1525 462 1676 512 ruptim

289 524 455 573 eductis,
485 525 683 577 conflavit.
719 516 825 578 'Sed
861 536 942 576 ego
978 524 1097 577 lego:
1128 526 1231 578 pari
1263 526 1440 567 audacia
1474 527 1677 569 Romanas

289 593 456 639 consilio
484 593 701 633 etssviribm
737 595 869 646 impar
899 598 980 636 eet.

344 662 570 702 Rhenanus
610 661 731 702 dicit:
769 662 1106 711 „emendavimus
1131 677 1215 716 par
1246 664 1422 704 audacia
1458 664 1674 716 Romanus,

287 744 382 775 nam
419 731 628 783 sequitur:
667 730 835 771 consilio
870 736 910 772 et
945 731 1096 772 viribus
1133 734 1277 786 impar.
1335 734 1392 774 Et
1428 734 1490 774 sie
1531 739 1597 775 est
1632 736 1676 776 in

287 802 396 841 libro
429 800 626 854 scripto.”
685 801 828 853 Itaque
860 805 955 841 ante
985 801 1231 842 Rhenanam
1251 803 1467 856 legebatur
1488 806 1600 858 pari,
1630 811 1676 845 ut

287 884 366 924 ego
396 871 505 910 volo.
682 870 685 873 ’

345 940 581 981 Secundum
612 939 748 980 Gebh.
778 939 882 981 Pall.
924 937 962 981 l.
1002 937 1043 982 3.
1083 944 1126 981 et
1162 944 1243 982 vet.
1282 941 1348 983 ed.
1387 943 1543 983 habent
1574 946 1677 997 pari

286 1011 484 1056 aadacia3
514 1023 600 1049 see.
631 1009 718 1049 Pal.
742 1023 828 1062 par
853 1010 1029 1048 audac-la
1052 1009 1256 1049 Romanis.
1310 1011 1673 1052 Drakenborcnius

285 1084 554 1134 posteaquam
586 1078 701 1120 Flor.
720 1079 911 1120 Cantabr.
928 1078 1053 1121 Voss.
1084 1079 1226 1120 Lovel.
1260 1077 1299 1121 1.
1329 1079 1369 1121 2.
1401 1078 1442 1122 3.
1474 1079 1515 1122 5.
1532 1083 1672 1123 Berol.

286 1164 309 1189 a
339 1164 393 1189 m.
424 1148 465 1189 2.
496 1150 622 1189 Ilafn.
647 1149 818 1188 Gaertn.
850 1150 952 1188 Hav.
985 1150 1089 1188 dixit
1116 1151 1341 1201 praebere:
1366 1153 1470 1205 pari
1496 1152 1673 1191 audacia

284 1218 500 1268 Romanus,
531 1218 690 1272 pergit:
722 1219 940 1259 consentio
966 1224 1104 1259 tamen
1125 1218 1364 1260 Rhenano.”
1406 1220 1543 1260 Aliter
1572 1222 1673 1261 mihi

285 1290 448 1329 videtur
476 1302 545 1328 res
576 1289 747 1328 habere.

343 1358 512 1398 Certum
544 1357 654 1398 enim
685 1347 753 1398 est
782 1358 993 1408 criticum,
1029 1362 1076 1398 ut
1103 1358 1267 1398 firmum
1305 1359 1457 1399 habeat
1493 1360 1555 1399 rei
1594 1361 1671 1400 cri-

283 1429 392 1469 ticae
422 1428 748 1478 fundamentum,
778 1429 953 1481 ubique,
991 1428 1115 1467 modo
1151 1428 1246 1468 fieri
1282 1430 1440 1480 possit,
1482 1430 1671 1469 codicum

284 1499 513 1550 scripturas
551 1510 718 1537 servare
758 1498 929 1537 debere.
997 1497 1078 1536 Hic
1126 1501 1263 1536 autem
1311 1498 1480 1538 codices
1519 1499 1673 1538 docent
1713 1533 1717 1539 .

276 1569 380 1621 pari
406 1567 629 1619 legendum
659 1579 769 1616 esse,
801 1567 1049 1620 praesertim
1081 1579 1172 1606 cum
1204 1579 1352 1606 sensus
1372 1580 1504 1620 aeque
1535 1568 1670 1607 bonus

284 1631 476 1689 et·aptus
509 1637 564 1675 sit
587 1638 691 1690 pari
719 1638 925 1689 scriptura
956 1640 1078 1688 atque
1104 1650 1188 1689 par
1218 1640 1392 1676 servata.

340 1706 461 1756 Quod
492 1706 603 1744 enim
632 1705 857 1744 Rhenanus
890 1705 1004 1754 dicit,
1035 1708 1261 1757 propterea
1290 1705 1374 1758 legi
1404 1705 1560 1744 debere
1586 1720 1670 1759 par

220 1815 225 1819 .
283 1776 394 1829 quod
424 1777 557 1830 impar
587 1779 795 1828 sequatur,
825 1776 870 1816 id
908 1789 986 1829 pro
1011 1775 1148 1815 nihilo
1185 1775 1334 1816 habeo.
1404 1777 1513 1826 Quis
1545 1777 1668 1826 enim,

283 1858 452 1898 quaeso,
482 1846 730 1885 Rhenanam
761 1846 904 1885 docuit
933 1845 1092 1885 Livium
1123 1845 1224 1884 duas
1256 1846 1488 1884 sententiae
1513 1849 1668 1898 partes,

282 1916 430 1967 quibus
463 1929 543 1967 quo
574 1915 699 1955 modo
729 1914 906 1954 Romani
936 1902 1158 1967 pugnarint
1196 1915 1385 1966 exponit,
1425 1916 1571 1954 eadem
1608 1929 1670 1954 ra-

279 1985 395 2024 tione
427 1985 680 2036 compositas
711 1985 780 2023 hic
813 1984 1022 2023 collocare
1047 1984 1259 2023 voluisse?
1289 1984 1382 2022 Hoc
1408 1988 1544 2023 autem
1577 1997 1669 2023 cum

281 2054 560 2094 demonstrari
590 2058 788 2106 nequeat,
829 2068 881 2094 ne
919 2067 1166 2107 permovere
1206 2053 1373 2105 quidem
1411 2067 1488 2092 nos
1527 2058 1669 2106 potest

276 2138 359 2178 par
388 2128 435 2163 ut
463 2123 662 2176 legamus.

336 2193 615 2247 Et·equidem
646 2194 785 2234 iudico
817 2194 897 2234 iam
928 2207 979 2233 ex
1015 2206 1066 2233 eo
1107 2193 1216 2245 quod
1254 2194 1397 2233 ambae
1435 2194 1668 2233 sententiae

280 2268 421 2317 partes
453 2264 618 2303 diverso
649 2264 890 2309 modo‚sint
921 2264 1193 2316 compositae,
1225 2263 1403 2315 quodam
1427 2263 1551 2303 modo
1572 2276 1667 2303 con-

280 2334 392 2373 cludi
422 2347 551 2386 posse
583 2334 800 2373 ablativum
832 2335 936 2386 pari
970 2333 1291 2386 praeferendum
1330 2345 1440 2372 esse.
1500 2334 1667 2372 Etenim

279 2403 348 2454 qui
378 2402 537 2442 Livium
567 2402 634 2442 vel
664 2403 803 2449 obiter
834 2403 1047 2455 cognovit,
1088 2403 1124 2442 is
1156 2415 1240 2441 non
1269 2403 1432 2454 ignorat
1471 2415 1564 2441 eum
1601 2415 1667 2440 va·
1725 2442 1733 2447 ,

277 2472 387 2512 riare
419 2472 649 2511 orationem
678 2472 722 2511 in
753 2471 916 2511 deliciis
953 2473 1124 2511 habere.

276 2586 282 2590 ⁴
337 2541 446 2592 Quid
475 2554 603 2594 porro
634 2542 854 2591 invenusti,
885 2555 938 2581 ne
970 2541 1104 2581 dicam
1134 2541 1244 2590 falsi,
1260 2540 1304 2580 in
1323 2540 1528 2593 scriptura
1551 2542 1663 2594 pari,

279 2625 399 2663 quam
428 2611 690 2651 recentiores
722 2612 774 2651 ad
803 2625 928 2651 unum
959 2624 1103 2651 omnes
1142 2611 1394 2659 reiecerunt,
1424 2610 1546 2660 insit,
1584 2623 1663 2663 ego

279 2680 452 2732 adsequi
490 2694 572 2720 non
610 2694 731 2733 queo.
