1890 3190
912 235 977 284 10

250 401 386 453 ipsum
418 413 500 439 non
529 399 756 440 habuisse?
786 399 880 439 Hoc
910 400 1103 453 profecto
1140 413 1263 441 nemo
1300 413 1492 454 umquam
1528 402 1638 443 affir-

250 469 391 508 mabit.
423 469 557 508 Aliter
585 481 655 508 res
694 469 821 508 habet
857 469 901 508 in
938 470 1076 509 verbis
1116 470 1400 522 sequentibus.
1460 471 1636 511 Tribuni

251 540 359 579 enim
391 552 489 579 vere
526 542 663 578 vatem
700 538 752 577 ad
789 539 1127 591 procurationem
1166 543 1246 579 cet.
1287 540 1487 581 adhibere
1525 542 1638 582 ince-

249 612 412 662 perunt.
458 607 562 648 Nam
592 612 711 648 antea
729 611 844 647 vates
872 608 1087 662 neglectus
1111 612 1200 649 erat
1227 623 1250 649 a
1274 609 1472 651 Romanis
1503 624 1637 664 neque

251 679 473 731 quidquam
510 678 653 718 facere
684 678 917 727 debuerat3
954 678 1034 718 iam
1062 692 1162 718 vero
1192 679 1449 732 incipiebant
1483 682 1638 721 tribuni

251 762 345 788 eum
375 748 574 788 adhibere
597 748 648 788 ad
676 748 843 801 prodigi
863 748 1011 788 Albani
1031 749 1380 801 procurationem.
1413 750 1468 790 At
1486 750 1635 803 ingens

249 819 384 858 honos
433 831 516 857 non
568 821 726 858 tantum
773 820 948 870 coeptus
1005 822 1072 857 est
1115 819 1284 868 haberi,
1339 819 1416 859 sed
1452 832 1500 858 re
1539 833 1638 858 vera

248 888 427 928 habitus.
486 886 642 928 Verum
672 888 811 941 inqem·
841 892 1005 940 coeptus
1033 892 1093 928 est
1121 887 1263 928 haberi
1290 893 1401 929 vates
1437 893 1532 929 ante
1567 902 1636 928 ne-

249 957 426 1009 glectus‚
456 958 565 996 bene
596 957 736 996 habet.

311 1026 413 1066 Cum
444 1026 570 1080 igitur
605 1038 689 1066 non
727 1026 840 1066 nulla
875 1026 1017 1066 inesse
1052 1026 1262 1067 videamus
1298 1027 1342 1067 in
1378 1026 1635 1067 Alschefskii

250 1098 456 1150 scriptura
502 1110 607 1149 quae
652 1097 763 1137 haud
799 1096 924 1136 facile
973 1101 1125 1149 queant
1158 1097 1348 1150 probari,
1391 1110 1634 1137 revocemus

250 1166 498 1219 scripturam
529 1169 623 1206 ante
653 1165 964 1206 Alschefskium
993 1166 1209 1220 vulgatam.

324 1236 408 1275 Sed
450 1236 804 1288 transgrediamur
850 1237 901 1276 ad
938 1236 1044 1276 Livii
1081 1236 1174 1276 libr.
1213 1236 1282 1277 Vl.
1316 1234 1354 1276 l.
1393 1234 1430 1289 §.
1469 1234 1520 1285 2,
1566 1237 1636 1276 ubi

248 1306 401 1345 iterum
429 1305 741 1345 Alschefskium
772 1318 938 1345 errasse
959 1306 1267 1345 demonstrabo.
1314 1305 1470 1344 Scribit
1499 1309 1635 1344 autem

248 1375 562 1414 Alschefskius:
593 1380 673 1414 tum
704 1375 813 1429 quod
840 1380 880 1415 et
901 1388 1024 1414 rarae
1046 1388 1127 1428 per
1156 1374 1294 1414 eadem
1324 1379 1505 1427 tempora
1530 1374 1633 1414 litte-

224 1428 323 1484 *rae'
345 1446 475 1498 fuere,
496 1458 588 1484 cum
617 1445 766 1498 procul
797 1445 923 1485 dubio
961 1444 1148 1498 priorum
1167 1444 1374 1484 editorum
1404 1444 1632 1497 scriptura:

251 1520 332 1553 tum
356 1514 464 1568 quod
484 1513 645 1568 ρανυαο
673 1520 714 1554 et
740 1529 864 1554 rarae
886 1528 966 1568 ρον
995 1514 1132 1553 eadem
1147 1518 1330 1567 tempora
1346 1513 1504 1553 litterae
1520 1516 1637 1566 ficere

253 1597 351 1623 vera
381 1584 448 1623 sit.
495 1583 580 1623 Sed
608 1583 786 1637 primum
817 1584 1008 1623 codicum
1035 1583 1262 1636 scripturas
1295 1582 1460 1622 adferre
1498 1582 1634 1622 liceat.

252 1652 355 1692 Cod.
394 1653 573 1705 optimus
612 1652 804 1694 Vormac.
835 1653 1038 1692 Rhenano
1077 1656 1188 1692 teste
1218 1653 1373 1692 habet:
1412 1657 1492 1692 tum
1531 1652 1639 1704 quod

245 1735 404 1775 parvae
433 1716 474 1761 οἰ
507 1736 629 1761 ναναο
658 1736 739 1776 ρον
769 1726 870 1771 cet.;
907 1723 950 1762 in
981 1722 1113 1761 altero
1143 1721 1358 1770 Vormac.,
1397 1721 1466 1773 qui
1494 1721 1635 1773 priore

249 1791 372 1843 peior
391 1790 525 1844 est,*)
543 1792 592 1831 ab
610 1791 740 1831 altera
761 1805 883 1831 manu
907 1791 1045 1830 deleta
1067 1795 1132 1830 est
1154 1802 1231 1830 vox
1249 1804 1421 1844 parvae.
1440 1790 1634 1847 Sigonius

251 1861 328 1910 ait,
368 1865 448 1900 vet.
489 1861 582 1900 libr.
620 1862 776 1900 habere
814 1866 893 1900 tum
932 1860 1040 1915 quod
1069 1865 1108 1900 et
1135 1874 1257 1899 rarae
1280 1873 1371 1913 per.
1390 1863 1492 1907 cet.;
1525 1858 1634 1897 Geb-

249 1930 403 1984 hardus
433 1929 611 1969 testatur
639 1934 804 1969 veteres
837 1931 931 1969 edd.
970 1930 1139 1981 (omnes
1179 1929 1274 1968 edd.
1308 1933 1403 1968 ante
1432 1928 1635 1976 Aldinam,

250 1986 354 2051 quae
386 2004 464 2039 tum
504 1999 613 2054 qnod
641 2013 843 2053 ροννανιιο
877 2013 954 2053 ρον
991 1998 1067 2051 [ex
1106 1997 1368 2049 coniectura]
1407 1996 1556 2049 habet)
1594 2001 1636 2036 et

248 2068 350 2108 Pall.
380 2073 468 2108 tres
500 2071 704 2121 praebere
734 2070 847 2108 idem
884 2069 993 2121 quod
1026 2067 1214 2109 Vormac.
1247 2067 1421 2120 optim.‚.
1441 2067 1634 2119 idemque

252 2138 450 2178 meliores
483 2139 604 2179 codd.
637 2139 836 2178 exhibere
873 2138 908 2178 J.
946 2138 1016 2178 Fr.
1056 2137 1236 2177 Gronov,
1275 2136 1474 2175 adfirmat.
1540 2135 1636 2176 Tum

249 2208 358 2261 quod
395 2214 433 2248 et
470 2222 593 2248 rarae
624 2222 704 2261 per
740 2212 825 2257 est,
863 2212 910 2247 ut
947 2207 1153 2246 Drakenb.
1186 2206 1330 2255 docet,
1367 2206 1410 2245 in
1437 2205 1561 2246 Voss.
1596 2203 1633 2245 l.

248 2291 301 2318 m.
342 2275 380 2318 l.
424 2277 549 2319 Voss.
586 2275 628 2318 2.
673 2276 815 2317 Lovel.
854 2274 895 2317 3.
926 2274 967 2317 5.
1012 2276 1129 2316 Harl.
1168 2273 1210 2316 2.
1257 2275 1427 2315 Gaertn.
1465 2274 1633 2327 Portug.

247 2347 463 2387 Klockian.
495 2347 673 2387 Haverk.
705 2347 880 2386 Hearnii
911 2346 1092 2396 Oxonn.‚
1134 2345 1211 2386 sed
1239 2349 1320 2384 tum
1349 2344 1458 2397 quod
1478 2357 1637 2396 parvae

249 2430 372 2455 rarae
401 2416 444 2455 in
474 2416 592 2456 Leid.
626 2413 665 2456 1.
698 2419 741 2455 et
769 2415 886 2455 Harl.
919 2412 980 2465 l.‚
1020 2420 1099 2455 tum
1129 2413 1238 2468 quod
1258 2426 1418 2466 parvae
1447 2417 1487 2452 et
1514 2426 1637 2451 rarae

248 2486 291 2524 in
321 2485 435 2525 Flor.
453 2485 578 2526 Voss.
597 2483 658 2535 1.,
688 2486 732 2525 in
763 2497 889 2537 marg.
920 2482 1095 2524 Leid.2.
1127 2482 1269 2523 Lovel.
1303 2479 1397 2522 l.2.
1415 2479 1457 2521 4.
1488 2481 1633 2535 fragm.

246 2554 348 2594 Hav.
387 2554 560 2608 Neapol.
608 2554 790 2596 Latinii.'
823 2553 1092 2595 Alschefskio
1132 2552 1311 2605 denique
1347 2554 1458 2593 teste
1502 2551 1632 2592 Paris.

276 2705 311 2743 *)
338 2705 392 2739 Cf.
416 2706 628 2738 Alschefskii
653 2706 760 2746 praef.
786 2706 839 2738 ed.
864 2705 943 2738 Liv.
969 2709 1047 2738 tom.
1073 2704 1099 2736 Ι.
1124 2713 1203 2747 pag.
1227 2703 1288 2736 IX.
1311 2709 1315 2712 ⁷
